2730 4804
317 510 357 574 18
504 535 509 572 ι
553 521 677 568 navens
700 517 741 564 m,
759 506 1036 560 vannnrmrauvu
1110 488 1113 494 '

345 665 570 745 V1·.1nvideant
598 684 680 738 novis
699 679 851 742 moenibus
870 685 985 728 ceterae
1005 669 1159 734 civitates,
1197 684 1271 736 *quas
1349 741 1350 744 Ἴ

309 787 411 840 manns
439 784 627 854 designavere
645 777 792 848 privatae:
828 769 927 838 siquae
948 775 1014 819 sunt
1034 762 1207 832 cognitionis
1227 763 1272 830 (a)

270 925 273 930 .
312 878 501 949 principalis,
542 867 775 940 livorevaomulo
793 864 993 936 mordeantur.
1048 859 1164 912 Habent
1181 858 1273 911 comlt-
1349 857 1350 862 ’

263 1029 264 1034 ,
313 984 392 1028 tores
420 970 544 1024 inclutos
558 987 567 1035 3
604 962 743 1036 numquid
775 957 894 1012 artificis
918 952 1019 1021 ipsos?
1061 952 1185 1006 Interfui
1205 954 1270 1018 (ι),

315 1069 446 1136 Auguste
481 1059 682 1125 venerabilis,
734 1077 793 1118 cum
826 1051 926 1120 positis
960 1047 1049 1100 armis
1087 1045 1273 1106 fundamenta

316 1159 490 1214 describeres
533 1172 558 1210 ct
581 1153 718 1208 ,felicem
764 1149 912 1200 dexteram
954 1141 1107 1196 fabrilibus
1151 1139 1274 1208 (labori-

221 1236 226 1253 Ι
316 1255 393 1320 hus)
428 1267 589 1322 occupares.
662 1245 737 1308 Hine
774 1257 827 1312 ego
871 1235 986 1309 oppidis
1021 1235 1079 1288 tuis
1114 1250 1271 1304 perennem

129 1335 131 1352 ³
185 1371 190 1376 ·
219 1408 221 1413 ,
312 1347 459 1420 promitte
491 1347 641 1399 thrtcnau
697 1341 774 1417 Quae
810 1335 872 1386 Deo
905 1329 1050 1404 proximus
1086 1327 1270 1396 auspicatur,

319 1454 438 1516 aeterna
468 1448 543 1492 sunt
598 1436 765 1494 Hactenus,
772 1425 946 1512 Syracusani
976 1421 1155 1474 Archimedis
1191 1421 1273 1474 stetit

318 1535 462 1608 gloria3
472 1531 570 1588 docuit
603 1543 727 1598 namque
767 1523 859 1578 exitus
893 1507 963 1571 nihil
997 1516 1119 1569 valuisse
1150 1532 1206 1584 pro
1237 1517 1276 1568 ci.

319 1629 404 1682 vibus
440 1633 591 1688 conmenta
624 1619 844 1692 prudentis()
848 1611 986 1688 ,Qui
1016 1609 1151 1680 nequivit
1177 1609 1275 1662 clausa

319 1703 497 1794 protegere,
536 1715 651 1788 quando
677 1714 819 1786 potuisset
842 1718 944 1782 aperta
973 1703 1113 1758 munire?
1149 1705 1276 1757 Peritius

320 1817 411 1868 urbes
440 1821 610 1866 construunt
644 1809 696 1881 qui
731 1816 861 1860 tuentur
915 1800 974 1854 Sed
1008 1799 1080 1871 quid
1115 1800 1160 1866 (b)
1192 1799 1275 1870 prius

322 1911 433 1973 mirer,
463 1908 573 1977 ignoro.
626 1901 742 1956 Ceteris
762 1903 802 1968 (c)
832 1900 868 1952 ab
892 1915 949 1950 usu
967 1897 1011 1962 (d)
1030 1893 1228 1946 fabricationis
1247 1902 1276 1944 te

315 2005 414 2060 solum
440 1999 528 2062 scisse
555 1996 626 2068 quid
652 1993 827 2057 conderesf,
852 1994 901 2054 ‚An
928 1989 981 2044 sub
1009 1999 1039 2042 te
1064 2005 1124 2053 uno
1142 1986 1279 2058 magistro

324 2095 418 2152 omnis
446 2091 513 2145 ilico
530 2089 593 2162 ,quir
617 2089 738 2140 aderant
763 2083 932 2150 institutos?
961 2081 1076 2134 'Nullus
1110 2081 1176 2132 iude
1205 2079 1277 2132 abiit

325 2193 356 2244 in
375 2229 382 2244 .
402 2229 409 2242 .
430 2183 581 2256 .prudens
600 2161 757 2252 praetereo
768 2178 849 2250 quod
866 2178 929 2230 eliis
949 2215 957 2232 .
976 2212 984 2229 .
1004 2174 1217 2228 .eurantibus.
1239 2210 1246 2224 .
1267 2210 1275 2224 .

326 2285 366 2340 Iis
395 2261 449 2335 aut
474 2277 611 2330 imbrium
639 2273 790 2345 ingentium
819 2271 911 2326 taedia
940 2269 1104 2340 pertulisti.
1161 2270 1276 2347 Quanto
1332 2337 1335 2344 Ι

318 2375 381 2432 'tibi
399 2373 507 2442 (lubet)
544 2411 552 2427 .
668 2365 861 2437 semperotio
880 2365 1023 2418 vindicata
1043 2367 1119 2418 soles
1137 2365 1230 2434 opi.
1267 2399 1274 2413 .

325 2469 380 2526 bus
408 2466 521 2522 vexillis
545 2463 663 2517 adduxit
693 2461 850 2516 exercitum
880 2469 909 2512 et
932 2475 1009 2512 ore.·
1032 2497 1039 2512 .
1060 2497 1067 2510 .
1088 2444 1215 2512 Dedalus
1235 2461 1277 2525 (e)

288 2615 292 2622 ,
326 2573 522 2638 grassatorem
559 2557 719 2628 Cecropiae
756 2556 800 2624 (3)
836 2553 928 2608 nobili
954 2555 967 2621 (
991 2569 1078 2606 cavea
1104 2555 1117 2620 )
1152 2551 1279 2604 inclusit.

328 2661 406 2738 Quid
441 2653 603 2726 expectavit
637 2649 833 2700 Alamannia.
857 2687 865 2701 .
885 2681 893 2696 .
915 2663 943 2698 ιιι
961 2655 1037 2700 totus
1073 2645 1216 2728 exereitus
1253 2653 1281 2697 ct

327 2751 491 2822 mancipare
510 2763 549 2798 no
570 2782 577 2798 .
598 2779 605 2794 .
626 2778 634 2792 .
654 2750 683 2794 ct
708 2739 842 2794 claudere
859 2739 884 2794 f·

354 2988 391 3038 (a)
409 2985 443 3026 lta
454 2982 508 3024 cod.
522 2980 668 3036 cognitionis.
695 2979 729 3032 (b)
746 2977 800 3020 God.
819 2979 869 3034 quit
882 2981 916 3032 (e)
935 2979 968 3020 lta
986 2979 1040 3020 cod.
1055 2979 1154 3050 ceteris,
1178 2979 1221 3018 nisi
1238 2991 1278 3018 ma.

328 3060 363 3100 vis
376 3065 473 3100 ceteros.
499 3059 535 3110 (d)
549 3057 597 3098 Nisi
615 3056 683 3096 meris
695 3055 770 3109 legere
782 3054 863 3096 atron
890 3055 924 3107 (e)
937 3054 970 3094 lta
983 3053 1037 3095 eoa.
1051 3055 1098 3094 sine
1110 3053 1258 3104 diphthongo.

377 3273 416 3331 (1)
433 3267 609 3334 Symmachum
637 3279 750 3316 secutum
769 3281 821 3313 esse
841 3275 919 3312 castra
937 3277 1051 3329 tyronem
1069 3263 1175 3310 diximus
1193 3263 1220 3308 in
1240 3263 1282 3308 Ar-

332 3375 450 3428 gumento
468 3363 556 3426 prioris
576 3363 744 3410 Laudationis.
779 3361 843 3408 lleie
861 3371 945 3407 autem
963 3362 1015 3423 ipse
1033 3361 1068 3416 ait
1085 3375 1110 3406 se
1128 3357 1283 3410 interfuisse,

335 3476 412 3522 quum
423 3458 614 3507 Valentinianus
627 3459 726 3521 oppida,
744 3458 771 3504 in
784 3455 865 3504 limite
883 3455 1001 3502 nimirum
1014 3453 1104 3508 Rheni,
1123 3454 1285 3498 construeret

378 3557 417 3614 (2)
437 3556 474 3601 De
498 3551 620 3599 machinis
648 3553 737 3614 quibus
765 3550 926 3600 Archimedes
944 3551 987 3596 diu
1005 3550 1119 3596 adversus
1136 3529 1284 3594 Marcellum

332 3650 464 3712 Syracusas
480 3648 591 3694 defendit
606 3647 661 3694 ride
678 3645 809 3708 Polybium
827 3661 880 3692 ιιιι.
894 3655 919 3690 et
936 3645 1032 3691 Livium
1050 3658 1110 3691 xxiv.
1130 3637 1170 3704 34.

367 3739 406 3806 (3)
428 3741 539 3790 Catullus
556 3743 583 3788 in
602 3740 719 3788 Carmine
736 3755 803 3786 ιιιιι.
822 3757 842 3785 v.
860 3733 962 3804 78-79.
979 3741 1026 3786 ait:
1113 3713 1116 3742 Ι

401 3833 506 3889 Eiectos
525 3835 632 3884 iuuenes
652 3831 733 3884 simul
750 3845 777 3882 et
793 3831 873 3883 decus
892 3833 1067 3900 innuptarum

334 3933 343 3952 ⁴
404 3927 562 3994 Cecropiam
578 3926 688 3982 solitam
704 3945 762 3981 csse
780 3927 879 3995 dapem
893 3927 960 3982 dara
977 3908 1155 3981 Minotauro·
