2730 4804
663 439 869 480 uoluente
915 451 919 458 ·

292 625 377 666 nunc
419 604 546 664 demum
583 603 662 664 haec
701 603 779 663 item
820 600 968 662 inscitiae
1003 601 1154 672 sordibus
1189 602 1241 664 de-

292 721 400 794 pressa
431 709 550 793 scripta
578 721 773 794 emergunt,
817 721 851 768 et
879 708 1059 790 Symmachi
1089 711 1240 796 eloquen-

290 820 335 880 tia
367 819 539 879 interclusa
576 817 723 900 respirat.
794 816 900 878 Huius
932 815 1020 878 enim
1053 801 1243 902 praestantis

290 926 355 991 viri
382 937 456 986 octo
489 923 683 986 Orationum
713 937 821 1006 partes
855 924 933 984 mihi
961 925 996 986 in
1027 925 1241 988 Ambrosiano

290 1035 495 1118 palimpsesto
530 1030 652 1092 oblatae
687 1044 786 1108 sunt,
831 1051 967 1115 quarum
1001 1035 1132 1118 quidem
1161 1033 1241 1096 Ora-

290 1144 413 1204 tionum
447 1153 514 1201 tres
549 1140 650 1202 veluti
683 1144 868 1222 augustales
894 1140 1062 1219 dicemus3
1113 1144 1239 1225 priores

289 1252 375 1312 enini
407 1249 488 1309 duae
521 1248 738 1319 Valentiniani
774 1248 919 1310 Senioris
953 1249 1091 1333 Augusti
1130 1250 1239 1312 laudes

258 1438 261 1441 .
291 1357 571 1442 complectuntur,
604 1356 700 1417 tertia
720 1356 876 1416 -Gratiani
899 1357 1044 1441 Augusti.
1089 1357 1240 1451 Quatuor

291 1489 351 1550 pro
378 1464 513 1548 privatis
544 1464 729 1526 hominibus
764 1464 865 1524 dictae
897 1478 991 1542 sunt,
1030 1483 1144 1550 nempe
1177 1489 1241 1550 pro

291 1551 361 1657 ipso
386 1571 535 1635 Oratoris
557 1574 671 1648 Patre,
709 1593 772 1654 pro
795 1573 966 1658 Trygetio,
1001 1595 1063 1656 pro
1087 1568 1237 1656 synesio,

290 1705 350 1768 pro
382 1679 513 1743 Severo.
569 1681 638 1740 Una
667 1680 806 1765 denique
833 1679 883 1742 his
910 1682 1012 1746 veluti
1040 1695 1073 1744 et
1095 1696 1240 1767 augusta·

289 1789 373 1850 libus
412 1789 581 1876 iuteriecta
614 1801 662 1849 est
678 1832 703 1872 ‚f
731 1809 847 1873 nempe
885 1788 1024 1851 laudatio
1058 1790 1093 1851 in
1128 1792 1240 1871 Patres

289 1895 501 1977 conscriptos.

19 2093 21 2100 J
112 2062 268 2114 Symmachum
355 2025 390 2067 v:
422 2002 528 2086 Atque
570 2021 630 2088 ego
662 2003 702 2064 de
735 2025 855 2090 genere
888 2005 1144 2086 Symmachianae
1177 2008 1243 2068 elo-

106 2105 267 2182 ngantaugu-
293 2112 441 2198 quentiae
469 2126 542 2172 cum
568 2111 698 2196 cogito,
743 2133 810 2173 uon
836 2133 968 2194 possum
996 2115 1144 2199 equidem
1173 2135 1240 2176 non

110 2192 265 2236 ¹³¹⁰³⁰⁰m⁰⁰'
291 2219 422 2304 ingenio
463 2217 582 2301 primas
625 2218 814 2280 concedere.
905 2219 1012 2282 Habet
1054 2223 1140 2282 enim
1180 2221 1241 2282 iste

292 2328 414 2390 Orator
461 2321 682 2409 {langrantiam
731 2325 909 2410 quamdam¹
935 2329 1059 2402 ⁴mentis
1103 2321 1241 2412 singula-

288 2457 380 2511 rem,
424 2435 525 2518 eique
567 2431 604 2494 fit
645 2447 682 2494 ut
719 2434 813 2494 altius
851 2435 1033 2516 saepissime
1069 2445 1238 2519 assurgat,
1298 2477 1303 2485 ι

286 2565 383 2631 quam
411 2554 448 2603 ut
477 2540 668 2620 eommunis
694 2539 821 2600 dicendi
857 2541 990 2602 facultas
1022 2539 1061 2601 ad
1089 2541 1123 2601 id
1153 2543 1236 2625 aspi-

288 2672 360 2715 rare
381 2661 486 2736 queat.
537 2647 618 2706 Rem
648 2645 682 2706 in
703 2647 904 2731 panegyricis
924 2648 1107 2710 acutissime
1128 2644 1234 2724 videt,

250 2739 265 2756 ’
289 2782 328 2823 ex
358 2780 420 2844 qua
448 2757 518 2816 laus
540 2740 684 2841 exsculpi
706 2766 822 2836 potest.
887 2757 925 2816 ln
946 2756 1036 2818 nullo
1058 2769 1146 2818 eerte
1167 2757 1236 2820 cius

288 2866 397 2928 aetatis
435 2864 596 2946 scriptore
633 2862 769 2924 clariora
806 2863 927 2923 lumina
963 2863 1085 2948 ingenii
1122 2863 1237 2948 depre-

287 2973 418 3038 hendes.
447 3027 452 3034 ,
483 2971 563 3030 Nam
600 2983 633 3031 et
670 2969 894 3032 similitudines
952 2993 972 3032 x
1008 2971 1168 3034 sideribus
1206 2985 1240 3033 et

287 3077 469 3169 gigantibus
498 3091 591 3161 atque
621 3098 661 3139 ex
691 3077 769 3161 ipsis
800 3077 995 3140 Numinibus
1013 3082 1125 3164 (petit,
1165 3101 1238 3143 cum

248 3251 255 3268 N
287 3211 361 3252 eum
389 3187 513 3250 scilieet
550 3187 665 3247 mentis
701 3186 840 3268 impetus
878 3188 995 3270 procul
1033 3187 1237 3274 quodammo-

288 3300 329 3360 do
371 3319 388 3356 a
427 3307 515 3356 terra
557 3293 702 3376 abripit,
752 3306 848 3380 atque
890 3295 925 3354 in
966 3295 1085 3358 medias
1126 3297 1237 3358 laudes

288 3423 420 3469 suorum
442 3401 631 3483 Principum
653 3401 841 3464 transvehit.
899 3404 942 3464 Et
963 3403 998 3463 in
1020 3405 1238 3469 Valentiniani

288 3512 417 3599 quidem
460 3507 698 3571 laudationibus
743 3529 851 3570 veram
898 3512 1095 3596 amplumque
1139 3525 1237 3574 mate-

287 3621 368 3684 riam
397 3617 460 3680 sibi
489 3616 628 3678 subiecit
658 3615 875 3696 Symmachus.
939 3617 982 3678 At
1018 3618 1052 3679 in
1089 3620 1236 3682 Gratiani

288 3728 384 3816 pueri
432 3723 614 3786 laudatione
665 3721 731 3784 non
772 3735 837 3784 tam
878 3723 974 3786 rebus
1018 3726 1095 3808 ipsis
1138 3745 1236 3810 quam

287 3835 398 3900 verbis
448 3853 484 3896 ae
533 3849 635 3918 paene
684 3827 832 3894 conlictis
874 3832 1071 3897 ornamentis
1112 3833 1236 3896 animus
