2734 4792
692 371 718 416 l.
768 410 794 428 ι.

296 466 336 528 24
537 471 662 572 LAJDES
685 475 720 514 ΙΝ
742 471 1017 518 vacuuatttmu'tttt

294 640 353 693 cito
381 638 477 691 abisse
508 638 659 692 drrctorem
685 637 733 688 vel
762 654 828 690 sero
858 634 981 688 venisse.
1050 633 1156 692 Divina
1180 653 1260 709 ¹tton-

292 733 356 786 silia
403 714 467 804 post
509 734 664 786 terminum
697 741 809 804 patent.
881 728 1082 799 Intellegimus
1122 740 1151 782 te
1187 730 1260 784 ideo

292 828 681 897 praemisissenonrmlles,
717 843 753 878 ne
785 834 862 879 esset
890 822 972 876 tarda
1003 823 1146 890 victoria3
1186 824 1259 885 ideo

198 989 202 998 ι
292 922 449 992 plerosque
493 921 648 986 tenuisse,
684 937 740 997 'ne
788 929 865 973 esset
908 916 1065 972 multitudo
1108 913 1258 989 suspecta.

294 1017 372 1067 Ante
409 1015 605 1066 Alamanniae
640 1013 833 1084 mancipasti,
870 1027 954 1082 quam
992 1001 1143 1070 interiora
1169 1029 1259 1085 quae-

293 1125 384 1161 reres.
440 1109 531 1160 Vides
557 1108 628 1162 nibil
653 1125 716 1160 esse
753 1107 894 1180 prolixum
929 1121 1031 1175 magna
1065 1106 1255 1160 curantibus:

293 1221 347 1254 nee
384 1213 582 1259 remanentem
617 1202 757 1272 relinquis
795 1203 865 1265 (a).
916 1215 968 1251 nec
1005 1216 1023 1252 a
1060 1201 1256 1270 praecedente

294 1296 439 1349 desereris
486 1297 608 1367 Ignosco
627 1297 683 1347 iam
700 1295 828 1348 desidiae
842 1294 1045 1347 barbarorum.
1084 1294 1161 1372 Quid
1177 1295 1258 1348 iuvat

294 1407 438 1460 quaerere
466 1391 517 1442 uhi
546 1391 729 1460 potissimum
761 1389 868 1461 degas,
906 1405 970 1442 cum
995 1387 1104 1456 ubique
1138 1405 1259 1460 semper

295 1483 463 1553 appareas?

330 1578 424 1630 xrtt.
447 1577 526 1632 Cedo
557 1579 644 1644 mihi.
686 1579 869 1652 Imperator,
893 1577 982 1632 vbelli
1020 1576 1133 1631 iliensis
1166 1575 1254 1629 histo·

295 1664 389 1724 riam:
410 1651 413 1658 ⁴
437 1675 570 1744 probabo
608 1675 761 1728 Graeciam
795 1690 886 1744 parva
922 1672 1072 1726 mentitam
1108 1688 1162 1724 nec
1197 1689 1258 1723 ma·

296 1767 439 1836 gnitudini
464 1769 587 1822 servisse
613 1787 667 1822 nec
692 1768 770 1824 fidei.
823 1768 913 1820 Aiunt
943 1767 1055 1819 Heroas
1081 1765 1117 1818 ad
1138 1765 1256 1822 Troiam

199 1893 205 1900 -
296 1861 385 1913 classe
439 1861 551 1916 delatos
604 1863 695 1932 ignoti
745 1863 842 1916 litoris
887 1861 1017 1914 timuisse
1067 1870 1253 1928 contactum,

233 1995 236 2001 .
296 1956 407 2008 donec
430 1955 586 2008 formidata
627 1949 770 2026 responsa
814 1957 861 2009 vel
914 1966 1048 2008 strenuus
1089 1953 1255 2008 temeritate

225 2113 228 2122 Ι
297 2049 389 2100 iniret
415 2051 477 2114 (ι),
507 2049 553 2101 vel
582 2048 684 2102 fraude
710 2060 845 2104 versutus
864 2041 1008 2106 eludebat.
1060 2048 1135 2102 Nelo
1154 2047 1252 2114 dolos,

295 2141 365 2193 nolo
393 2153 556 2200 conmenta.
609 2143 643 2195 ln
665 2143 807 2198 exercitu
844 2143 987 2214 Principis
1019 2141 1077 2195 mei
1112 2151 1255 2196 certatum
1281 2191 1294 2214 ⁸

296 2245 340 2287 est
376 2237 439 2308 quis
476 2235 585 2305 primus
622 2237 738 2290 exiret:
801 2237 926 2291 necdum
962 2247 1091 2290 extrema
1125 2237 1255 2307 riparum
1345 2289 1346 2294 ,

296 2329 408 2382 navalia
440 2341 536 2383 rostra
566 2331 776 2404 pulsaverant,
814 2342 843 2384 et
871 2332 925 2384 iam
955 2331 1038 2384 miles
1067 2329 1182 2402 inpiger
1208 2330 1255 2383 de·
1345 2331 1346 2383 1

296 2423 404 2480 silibat.
458 2415 519 2478 Sub
545 2424 596 2478 tali
614 2426 711 2479 ·Duce
736 2436 799 2479 tuta
824 2423 941 2479 devotio
960 2435 1025 2478 est:
1063 2426 1153 2496 magis
1171 2443 1254 2478 usura

297 2515 419 2588 quique
455 2518 566 2572 curavit
601 2521 704 2591 nequis
749 2519 895 2586 anteiret,
949 2534 1036 2589 quam
1070 2518 1172 2589 nequis
1207 2537 1255 2572 cca

298 2622 432 2670 mmmm
661 2679 664 2685 Ι
1344 2673 1345 2676 ,

290 2695 293 2702 ’
330 2703 440 2766 xvtu.
471 2707 539 2758 Plus
567 2705 676 2760 videris
706 2707 775 2758 mihi
801 2708 893 2778 egiesc
919 2710 986 2780 (l),
1024 2725 1110 2781 quam
1136 2685 1275 2782 cunctis
1344 2721 1345 2764 t

296 2798 347 2869 qui
383 2799 528 2853 fortunam
563 2799 683 2870 singulis
716 2802 901 2872 praestitisti.
963 2804 1025 2856 Non
1060 2803 1178 2860 harenis
1214 2804 1254 2856 in·

295 2908 393 2972 mersa
417 2893 538 2946 haesere
567 2893 708 2964 vestigia,
744 2913 799 2949 nec
823 2897 933 2950 tardior
950 2895 1030 2952 nisus
1048 2897 1191 2970 pervade
1211 2899 1254 2964 (c)

297 2996 448 3042 cunctatus
473 2996 526 3042 est.
580 2985 698 3046 Mitiora
721 2991 815 3048 omnia
833 2991 894 3044 visa
919 3002 985 3046 sunt
1005 3009 1091 3064 quam
1109 2991 1250 3050 fuerunt:
1343 3059 1344 3072 ἵ

299 3077 419 3135 Rhenus
450 3083 580 3151 placidus
615 3100 678 3136 eum
713 3094 880 3150 aestuaret.
928 3096 1007 3139 terra
1039 3084 1150 3140 stabilis
1186 3101 1251 3138 eum
1343 3097 1344 3155 t

299 3170 484 3239 dehisceret,
520 3176 585 3246 ripa
610 3177 726 3248 planior
750 3195 815 3231 cum
843 3189 979 3234 tumeret.

302 3358 1245 3382 Μ

322 3429 360 3478 (a)
374 3428 427 3468 Cod.
441 3428 590 3494 retemptans,
608 3429 658 3486 dein
672 3431 753 3473 facturn
767 3431 893 3495 relinques.
917 3433 954 3484 (b)
967 3432 1122 3498 Comagena·
1148 3437 1182 3488 (e)
1196 3433 1246 3476 Coti·

296 3498 384 3540 videtur
396 3503 477 3553 hebere
489 3505 572 3542 udnae.

329 3703 368 3762 (t)
385 3703 481 3766 Nempe
498 3707 665 3763 Protesilaus,
702 3708 744 3770 qui
762 3710 857 3772 primus
876 3710 953 3773 quum
971 3727 985 3758 e
1003 3714 1106 3761 neribus
1124 3714 1151 3760 in
1168 3714 1248 3762 Treie-

293 3813 355 3845 nnm
385 3797 443 3844 litus
473 3803 654 3858 exscendisset,
683 3804 714 3850 ad
731 3806 838 3852 Hectore
856 3806 951 3854 occisus
969 3817 1012 3854 est
1048 3810 1114 3860 Vide
1133 3809 1247 3858 Ovidium

291 3889 483 3968 Metamorph.
504 3909 547 3942 ιιι.
563 3889 605 3960 67.
626 3895 736 3951 Hernici.
752 3914 804 3946 xut.
823 3894 867 3962 95..
