2730 4804
447 473 691 516 PRAEFATIO
885 529 887 538 ,
982 475 1044 517 xm

91 633 214 704 decima
248 637 395 720 Epistola
430 635 523 704 Libri
557 636 662 720 quarti
691 655 725 696 se
756 637 790 698 in
819 633 958 700 senium
972 656 1045 700 ver

90 767 167 835 gere
197 760 332 808 narret·
376 751 514 808 Tantum
555 749 663 820 abest,
707 761 745 808 ut
777 747 856 810 haec
884 752 977 808 atritis
1011 751 1045 807 in

89 861 210 920 senium
246 857 454 935 vergentibus
494 857 602 928 velim,
652 855 833 916 Candidior
872 871 1045 938 postquam

91 967 240 1026 tondenti
260 964 360 1024 barbe
382 963 535 1035 cadebat‚·
559 972 706 1040 superest
730 974 766 1020 ut
789 983 855 1021 non
882 960 1043 1022 immerite

89 1071 315 1152 suspicemur,
357 1068 531 1130 Oratorem
567 1055 714 1128 nostrum
751 1067 892 1152 adusque
924 1066 1045 1128 Christi
1127 1053 1128 1060 ἵ

91 1199 211 1239 annum
240 1177 373 1240 circiter
404 1195 518 1236 ccccx.
552 1176 650 1240 vitam
671 1173 817 1236 fortassis
839 1156 1042 1258 prbduxisse.
1095 1241 1097 1247 ‚

175 1307 217 1344 ιιι.
246 1285 314 1370 Age
344 1305 425 1348 veno
455 1284 707 1367 palimpsestus,
711 1277 712 1281 ἵ
753 1303 792 1342 ex
826 1305 894 1367 quo
925 1303 1045 1344 novum
1082 1325 1228 1380 „037me

92 1392 265 1454 Oratorem
311 1393 527 1475 expressimus
574 1391 630 1476 qui
667 1389 793 1468 fuerit,
844 1403 1044 1474 quantaeque
1071 1391 1226 1444 champain-

90 1501 258 1563 vetustatis
297 1499 487 1560 iudicandus
526 1500 591 1573 sit,
638 1499 801 1579 specimen
839 1518 951 1559 cusum
988 1497 1044 1558 do·
1069 1467 1225 1587 ιζ’,ῗὲζῖξῗξ

89 1607 187 1669 cebit.
240 1609 288 1666 Ea
316 1606 469 1664 nimirum
493 1605 652 1686 scriptura
672 1605 778 1666 medio
802 1607 930 1666 saeculo
953 1619 1043 1666 sexto
1068 1606 1143 1720 1:32⁰
1172 1611 1224 1641 ⁸¹¹⁰

89 1713 197 1776 serior
228 1733 297 1772 esse
327 1735 393 1774 non
424 1725 566 1794 potest:
587 1712 778 1792 praesertim
813 1720 911 1796 quum
941 1711 1044 1772 subsit
1171 1709 1190 1752 -’

89 1819 346 1884 Chalcedonensi
387 1819 555 1894 Concilio,
601 1819 688 1900 quod
723 1841 789 1880 non
828 1821 925 1879 semel
955 1817 1043 1880 affir-

72 1929 246 1995 mavitt),
274 1929 401 1990 saeculo
430 1949 489 1990 ιιι.
520 1929 574 1986 ant
601 1947 674 2009 vm.
705 1927 738 1986 in
777 1939 890 1988 nostro
923 1927 1043 1988 Codice
1095 1970 1097 1977 ·

85 2035 187 2098 fuisse
217 2031 390 2124 exaratum.
448 2035 612 2095 Habemus
634 2035 734 2118 igitur
759 2033 936 2114 Symmachi
961 2035 1042 2098 Ora-

85 2143 212 2220 tiones,
258 2155 290 2203 et
327 2143 455 2227 quidem
493 2129 520 2202 e'
548 2141 740 2202 membranis
776 2144 831 2204 vix
866 2165 932 2204 uno
972 2142 1042 2204 fere

86 2251 217 2312 saeculo
247 2263 322 2332 post
351 2250 473 2312 obitum
496 2249 645 2324 Oratoris
668 2250 807 2331 seriptis.
871 2251 1040 2334 Denique,

85 2369 219 2440 practer
241 2369 315 2428 octo
340 2355 537 2432 Orationes,
575 2355 692 2440 quibus
721 2357 901 2436 Symmachi
923 2379 1042 2425 nomen

85 2463 208 2524 diserte
240 2463 433 2546 inscriptum
465 2475 531 2539 est,
575 2462 659 2522 aliud
691 2463 784 2524 etiam
814 2465 1041 2549 Fragmentum
1126 2541 1128 2548 Α

85 2565 278 2631 laudationis
324 2571 517 2647 cuiusdam,
562 2581 598 2629 ut
640 2569 796 2648 videtur,
861 2591 900 2631 ex
924 2572 1040 2634 ‘unico

84 2677 167 2739 folio
206 2679 287 2738 alius
326 2677 454 2739 Codicis
489 2697 590 2760 aeque
627 2667 730 2736 ferme
769 2679 895 2762 antiqui
933 2671 1041 2762 profe-

85 2787 214 2846 rimus:
259 2784 297 2844 de
338 2762 402 2868 qu.o
442 2786 572 2867 Scripto
608 2785 764 2868 quidquid
803 2775 897 2848 nobis
935 2788 1041 2852 visum

85 2905 137 2954 est
168 2892 201 2950 in
240 2892 365 2955 Monito
402 2893 432 2954 ei
461 2892 652 2976 ¹praeposito
684 2875 830 2956 breviter
860 2895 1038 2959 docuimus.

150 3021 180 3058 ιι.
219 2999 271 3058 En
310 2998 416 3082 itaque
446 3021 546 3082 paene
576 3012 754 3094 extremum
783 3003 819 3062 in
850 3002 1037 3084 Symmacho
1076 3029 1219 3084 Symmachus

86 3119 235 3168 romanae
270 3107 474 3190 eloquentiae
514 3108 683 3191 spiritum,
727 3119 792 3192 quo
829 3109 955 3173 demum
984 3104 1221 3216 ‘³1’ssliss'ss‘ssffffll

82 3215 208 3287 tincto,
250 3213 354 3274 studia
374 3215 453 3276 haec
471 3217 509 3276 in
530 3211 695 3276 barbariae
719 3219 882 3300 quamdam
903 3221 1036 3282 taetrio·
1062 3240 1219 3290 tepropomu

83 3341 154 3381 rem
185 3331 312 3380 noctem
342 3321 535 3384 inciderunt.
598 3322 740 3414 Quod
717 3327 815 3408 siquis
846 3327 950 3392 adhue
970 3328 1036 3388 elo·
1062 3315 1219 3414 ᾞἭΖ

84 3428 236 3513 quentiae
266 3427 358 3488 laude
391 3431 494 3514 aliqua
516 3431 668 3513 deinceps
692 3429 827 3508 lloruit',
867 3433 894 3492 is
915 3435 949 3493 in
970 3436 1036 3524 pri·
1060 3431 1196 3480 ¹³¹¹‘¹¹⁸³b¹¹⁵·

85 3539 146 3602 mis
174 3537 213 3597 ad
243 3537 481 3641 Symmachiana
521 3539 714 3622 exemplaria
742 3540 920 3625 respexisse
949 3543 1036 3606 vide-

82 3659 148 3705 tur.
194 3631 300 3706 Testis
315 3629 495 3708 luculentus
512 3647 703 3722 Ennodius,
724 3647 1033 3733 quiPanegyricum,

114 3801 139 3854 (ι
131 3806 155 3858 1)
180 3801 217 3846 hd
244 3800 405 3864 interpretem
433 3801 559 3848 Ciceronis
590 3803 690 3848 Dissert.
709 3819 789 3865 praev.
809 3804 867 3865 Cap.
885 3819 933 3850 xiv.
952 3764 1034 3866 p-SO.
1085 3856 1088 3865 .

15 3957 16 3964 ἵ
77 3888 146 3932 Item
164 3886 195 3930 ad
212 3889 362 3939 Frontonem
381 3888 477 3934 Gemm.
495 3904 574 3950 praev.
593 3891 657 3936 Part.
677 3891 706 3935 n.
725 3889 782 3951 Gap.
801 3905 832 3936 ιι.
853 3907 875 3953 p.
899 3885 952 3961 tob.
