2734 4792
500 681 1164 785 Anuevosmous's·

669 961 670 966 Ἰ
707 901 752 946 VT
769 899 933 946 vlnmvn

648 1059 995 1129 FRAGMENTVM

517 1290 520 1298 ·
569 1225 1101 1312 suss‘oursruousuust

382 1457 427 1582 Ι
420 1543 446 1582 u
468 1519 586 1584 Codice
603 1517 813 1580 Ambrosiano
832 1461 888 1596 lG.
905 1515 955 1577 58.
971 1527 1061 1596 part.
1077 1512 1162 1597 sup.)
1183 1531 1297 1582 exstat

317 1645 324 1656 ’
342 1625 541 1697 Anonymum
559 1613 722 1697 quoddam
734 1617 962 1692 Fragmentum
976 1611 1096 1676 litteris
1106 1617 1295 1693 grandiori·

327 1703 399 1778 bus
420 1702 497 1762 liet
517 1697 650 1760 rudibus
672 1711 855 1770 exaratum,
880 1699 970 1757 cuius
982 1697 1111 1758 tantum
1130 1722 1210 1780 pars
1231 1723 1294 1763 me·

341 1787 400 1849 dia
421 1789 552 1862 integra
566 1779 633 1860 legi
644 1782 774 1860 potest‚'
783 1779 1043 1842 extremitatibus
1055 1781 1185 1864 scalpro
1198 1789 1292 1846 rasis.

343 1872 519 1949 Scriptura
535 1869 664 1948 quidem
685 1865 806 1925 saeculi
822 1860 889 1928 Vl..
910 1885 944 1924 se
961 1866 1087 1945 prodit.

380 1949 557 2014 Laudotur
577 1963 685 2009 autem
702 1951 736 2009 in
758 1967 794 2008 eo
816 1949 975 2030 quaedam
993 1952 1145 2028 princeps
1164 1952 1294 2012 Femirm

328 2035 389 2094 *ad
414 2035 566 2113 nuptias,
590 2045 628 2092 ut
646 2033 789 2102 uidetur,
810 2043 981 2092 exornato.
1025 2033 1140 2094 Multa
1160 2034 1237 2095 mihi
1258 2039 1293 2101 in

339 2132 474 2178 mentem
493 2114 678 2185 ueniebant,
698 2117 837 2193 primum
858 2115 899 2176 de
924 2121 1073 2189 astatore,
1097 2128 1190 2200 quem
1202 2121 1292 2199 Sym-

338 2201 482 2262 machum
503 2198 701 2276 suspirabat.
748 2199 828 2258 Tum¹
848 2197 1032 2277 cogitabam
1052 2205 1112 2279 agi
1122 2195 1293 2284 sortasse,

336 2285 450 2348 uelde
473 2281 629 2342 Flaccilla
653 2281 824 2341 Theodosii
844 2286 893 2342 M.
917 2285 1069 2361 coniuge,
1101 2285 1156 2344 uel
1176 2285 1216 2344 de
1238 2288 1292 2346 Se-

338 2390 417 2428 rena
442 2365 615 2428 Theodosii
636 2387 676 2424 ecc
696 2360 817 2450 fratre
840 2379 934 2444 nepte
955 2387 1038 2449 quae
1068 2369 1179 2447 nupsit
1198 2370 1291 2430 Stili-

339 2449 452 2527 choni.
467 2449 522 2512 vel
542 2449 679 2530 denique
700 2449 741 2508 de
768 2450 879 2508 Maria
899 2448 1011 2510 horum
1029 2453 1197 2530 coniugum
1206 2451 1291 2538 fllia

335 2558 433 2618 quam
453 2535 552 2596 duxit
572 2553 704 2594 uxorem
726 2533 894 2593 Honorius
914 2529 1100 2613 imperator.

337 2687 340 2700 .
377 2615 599 2700 Symmachum
626 2617 739 2676 laudes
764 2614 935 2678 Theodosii
964 2619 1016 2678 M.
1045 2618 1209 2696 scripsisse
1236 2639 1290 2682 ece·
1350 2587 1351 2660 ἦ

336 2703 502 2780 plorctom
523 2713 581 2760 est.
632 2701 731 2780 Atqui
740 2696 824 2783 fieri
842 2702 954 2778 potuit
973 2713 1012 2762 ut
1032 2701 1099 2761 illis
1121 2705 1290 2780 Augustae

335 2789 434 2846 etium
455 2787 567 2846 uxoris
588 2781 699 2843 laudes
720 2784 876 2860 misceret,
896 2782 985 2857 quod
995 2778 1087 2869 jecit
1107 2797 1141 2845 et
1162 2785 1289 2850 t‘linius

255 2883 262 2896 ‘
335 2872 369 2931 in
395 2871 533 2930 Traiani
552 2869 768 2950 Panegyrico.
845 2908 848 2914 .

374 2957 416 3013 In
435 2952 495 3014 hoc
518 2954 715 3030 Fragmenta
745 2969 847 3011 sermo
876 2949 994 3011 multus
1017 2947 1057 3012 tle
1075 2955 1207 3030 gemmis
1229 2965 1284 3014 est.

335 3037 487 3103 Iamuero
508 3037 542 3096 in
564 3035 711 3114 sepulcro
739 3035 873 3094 Mariae
894 3057 946 3097 an.
975 3033 1063 3107 ¹544·
1087 3037 1213 3097 Romae
1232 3037 1286 3098 cle·

333 3129 420 3178 tecto
453 3123 567 3180 mirum
596 3139 790 3197 gemmarum
822 3115 1005 3176 thesaurum
1037 3130 1201 3196 repertum
1221 3140 1286 3181 esse
1348 3149 1349 3200 ;

332 3215 470 3263 constat.
497 3205 539 3262 V.
562 3203 765 3269 Marlianum
787 3199 930 3281 Topogr.
948 3196 1026 3258 Urh.
1046 3197 1140 3260 Rom.
1162 3203 1237 3265 Lib.
1255 3204 1284 3269 5.
1348 3215 1349 3239 ¹

335 3285 526 3432 cagetdrlzlm
547 3368 647 3448 paulo
667 3370 829 3447 graviora
855 3388 904 3428 me
931 3368 1101 3446 impellunt
1127 3382 1287 3432 momenta

333 3463 370 3514 ut
384 3457 424 3516 de
444 3455 566 3516 Serena
587 3452 676 3535 loqui
690 3454 863 3514 Oratorem
880 3453 1077 3512 existimem:
1097 3475 1194 3536 quom
1215 3457 1287 3533 opi·
1347 3511 1348 3521 ,

330 3537 458 3602 nionem
479 3558 580 3598 meam
601 3558 675 3596 mox
687 3534 878 3621 confirmare
892 3535 1025 3596 studebo
1043 3539 1288 3615 comparatione

328 3623 480 3685 Laudum
497 3623 635 3681 Serenae
657 3642 679 3680 a
697 3620 878 3681 Claudiano
892 3622 1097 3700 scriptarum.
1119 3621 1286 3710 Sedenim

323 3698 474 3794 fortasse
502 3705 629 3764 veritas
657 3703 806 3762 alicunde
839 3717 993 3784 erumpet,
1018 3724 1100 3785 quae
1129 3724 1215 3763 meas
1245 3705 1287 3766 de
1346 3767 1347 3803 i

330 3789 455 3866 scripto
475 3783 535 3845 hoc
555 3789 682 3869 eiusque
702 3798 892 3865 argumento
913 3800 947 3846 et
969 3792 1110 3847 Auctore
1129 3789 1286 3866 suspicio·

331 3891 385 3932 nes
407 3871 516 3930 inanes
540 3883 703 3949 coarguet.
749 3870 846 3931 Ultro
868 3871 950 3930 enim
961 3862 1094 3956 fateor,
1118 3868 1201 3931 nihil
1221 3893 1288 3934 esse

332 3955 495 4028 incertius,
515 3951 597 4014 nihil
609 3950 771 4041 fallacius
788 3954 918 4016 ratione
932 3967 1005 4018 toto
1018 3956 1287 4018 coniecturarum.
