2734 4792
403 463 483 507 rao
520 461 657 506 aaran
971 443 1011 518 45

86 625 196 681 ¹V111.
231 625 309 705 Quid
339 627 465 697 primum
499 627 589 698 igitur
624 626 780 680 admirer?
824 627 1013 698 quodcirca

60 721 166 773 Divum
192 737 293 774 munus
320 719 362 791 pii
389 719 441 774 lilii
467 723 529 792 (ι),
567 738 602 774 an
626 721 702 792 quod
729 720 806 774 eirca
833 738 886 773 nos
915 734 1015 794 partes

17 867 19 872 ,
59 801 191 887 parentis
226 812 336 884 egisti?
370 814 541 890 Alienorum
574 815 757 869 simulatione
787 817 832 883 (a)
862 817 1016 893 eriminum

55 908 232 961 Maximinus
258 907 345 960 fidem
373 907 443 961 feeit
468 925 596 962 suorum.
647 909 754 960 Vestra
773 909 936 963 aestimatio
955 912 1015 980 sit,

59 1003 153 1072 qualis
190 1001 281 1058 fuerit
317 1002 346 1053 in
378 1011 514 1067 eeteros,
551 1017 636 1072 quem
665 1001 720 1072 ipsi
760 1019 860 1054 rerum
897 1005 1016 1060 Domini

42 1083 214 1166 'tyrannum
242 1111 334 1166 paene
366 1096 436 1148 ostis
468 1095 590 1164 experti.
656 1095 786 1166 Urgehat
826 1097 902 1149 enim
942 1115 1016 1154 novo

57 1189 139 1242 fastu
164 1189 334 1260 patientiam
358 1189 487 1260 regiam,
525 1199 554 1241 et
576 1189 779 1261 praefecturae
808 1207 877 1244 suae
895 1195 1018 1262 putabat

60 1299 127 1336 essa
163 1282 365 1354 dispendium,
401 1281 497 1353 siquid
523 1283 652 1338 licuisset
678 1285 804 1357 imperio
830 1288 885 1355 (a).
941 1288 1017 1342 lnte·

58 1391 116 1429 rea
159 1393 212 1429 nos
256 1375 501 1447 opperiebamur,
551 1387 583 1429 ut
618 1377 798 1448 principatus
836 1380 910 1434 ultio
947 1381 1017 1436 talia

57 1469 223 1525 vindicaret
240 1490 249 1537 3
286 1487 338 1522 vos
370 1469 593 1539 expectabam,
640 1481 672 1522 ut
711 1481 826 1548 senatus
868 1487 1018 1545 argueret,
1078 1514 1080 1518 -

60 1565 159 1618 Credo
176 1574 295 1626 tamen,
323 1563 373 1614 has
401 1579 498 1614 moras
523 1561 560 1614 ad
577 1563 744 1634 suffragium
761 1567 896 1634 publicae
915 1587 1018 1634 causae
1095 1565 1097 1574 ’

56 1673 181 1729 parasse
212 1655 377 1719 fortunam,
413 1663 446 1706 ut
482 1665 690 1726 suscepturus,
727 1657 870 1731 Gratiana
902 1679 1021 1717 venera·

57 1750 150 1814 bilis,
185 1748 322 1801 iudicium
349 1747 457 1801 doloris
484 1748 603 1814 nostri,
633 1749 764 1806 adferres
793 1755 838 1822 (h)
857 1755 909 1808 tui.
956 1757 1023 1813 Etsi

17 1885 19 1888 .
58 1844 136 1898 illud
172 1843 263 1914 magis
305 1844 476 1896 confirmare
509 1860 556 1896 me
587 1845 744 1914 convenit,
779 1858 909 1902 nostram
943 1851 1021 1923 lega·

60 1941 174 1993 tionem
199 1948 313 1991 nostras
342 1938 435 2008 egisse
463 1938 685 2006 querimonias,
717 1950 751 1993 ut
773 1941 916 1997 videreris
950 1963 1022 2016 quo.

62 2049 120 2105 que
150 2032 227 2085 inter
255 2039 371 2084 ceteros
400 2029 556 2094 vindicari.¹
604 2031 677 2086 Nam
705 2033 874 2107 priusquam
902 2041 1033 2098 senatuis¹
1119 2027 1121 2031 ⁵

60 2142 148 2200 causa
174 2119 344 2196 iungeretur
378 2133 465 2192 tuae,
495 2125 675 2179 satisfactum
701 2127 755 2181 tibi
772 2130 913 2199 putabas,
945 2136 1023 2204 quod
1100 2175 1104 2186 .

63 2220 218 2274 insidiator
254 2218 337 2290 regni
373 2219 504 2289 exemplo
549 2219 748 2274 innocentium
787 2235 936 2294 potestate
976 2227 1025 2300 dc·

63 2323 193 2368 cesserat
233 2311 290 2380 (3).
361 2311 518 2381 Postquam
561 2325 679 2366 ventum
715 2327 760 2369 est
795 2318 830 2369 ad
867 2323 1024 2376 eommunis

63 2407 210 2482 querellas
250 2409 314 2474 (c),
360 2404 516 2466 adhibuisti
557 2407 763 2474 severitatem,
802 2412 918 2481 qualem
956 2415 1024 2468 reli-

63 2502 117 2576 qui
149 2500 296 2573 principes
326 2499 486 2552 maiestatis
525 2509 638 2552 tantum
674 2502 798 2571 negotiis
839 2505 1022 2562 exhibebant.

65 2602 173 2650 Actum
210 2605 297 2660 erat,
336 2594 559 2648 clementissime
605 2594 800 2668 Imperator,
847 2598 890 2656 de·
919 2599 1025 2658 iniuria

64 2704 134 2758 tua,
161 2689 217 2744 nisi
235 2688 372 2742 nobilitas
391 2688 494 2742 luisset
514 2688 634 2742 offensa.

110 2813 1026 2841 m

87 2846 338 2906 (a)Cod.aimu1utio.
370 2845 405 2898 (b)
421 2847 476 2886 Cod.
488 2847 604 2901 adfertis.
631 2852 665 2902 (c)
680 2850 793 2907 Querella
805 2867 847 2905 pro
858 2854 955 2906 querela
973 2867 1025 2897 cou-

64 2907 150 2943 stauter
161 2899 206 2940 vidi
217 2902 240 2938 in
252 2899 347 2949 antiquie
358 2897 428 2938 Godd.

69 2967 1029 2993 Μ

98 3041 139 3098 (t)
165 3035 263 3097 Nesope
286 3029 424 3077 occidendo
453 3043 497 3075 reo
520 3028 657 3075 Maximino
684 3031 798 3093 purgavit
819 3031 1027 3087 Valentinianum

68 3123 212 3173 Gratianus.

100 3211 141 3267 (2)
165 3209 187 3252 A
208 3201 346 3250 Maximino
376 3200 515 3248 affectatam
533 3214 613 3262 paene
631 3199 790 3262 tyrannidem
808 3201 845 3249 ait
864 3203 1028 3268 Symmachus

67 3296 145 3350 etiam
162 3291 190 3336 in
206 3287 318 3350 Epistola
337 3295 360 3330 Ἄ.
378 3284 436 3332 libri
458 3299 495 3333 ιο.
515 3301 579 3346 qaae
598 3295 634 3331 est
657 3285 688 3331 ad
707 3285 857 3334 Gratianum
873 3293 1027 3349 Augustum:

69 3421 85 3448 ‚,
102 3376 212 3428 Minimo
231 3374 298 3420 stetit
316 3373 378 3435 quin
396 3383 482 3417 omnes
501 3369 712 3416 occumberemus.
758 3369 866 3418 Tantum
884 3368 970 3432 flagitii
988 3371 1043 3418 de·'

69 3503 85 3523 ,‚
103 3465 280 3528 signaverant,
308 3459 351 3520 qui
377 3455 541 3518 amplissimas
568 3465 702 3518 potestates
720 3455 792 3504 malis
810 3456 904 3502 artibus
921 3459 1037 3526 posside·¹

69 3579 85 3599 „
96 3541 170 3589 bant!
188 3541 268 3587 Ferox
285 3535 329 3582 ille
346 3535 497 3582 Maximinus
517 3536 548 3582 ob
567 3553 606 3582 res
624 3538 753 3590 secundas,
771 3537 904 3585 incubator
925 3539 1029 3588 iudicio·

69 3663 85 3682 „
104 3643 170 3682 rum,
187 3617 296 3672 difficilis
316 3622 468 3676 decidendis,
488 3621 656 3670 simultatibus
678 3631 807 3686 promptus
826 3657 832 3668 .
851 3658 856 3668 .
874 3657 882 3670 .
899 3623 1030 3691 Simulque

70 3743 86 3764 ,,
105 3726 145 3769 res
163 3719 219 3756 tuae
236 3709 263 3760 in
282 3705 447 3768 tranquillum
465 3705 567 3753 rediere.
581 3743 599 3762 ‚,

103 3787 143 3852 (3)
160 3793 257 3853 Nempe
279 3789 430 3836 Maximinus
455 3788 537 3850 specie
555 3785 802 3851 quadamhonorata
818 3773 886 3850 prius
904 3789 1029 3852 magistra·

64 3887 124 3950 'turn
144 3878 260 3932 eiuravit.
284 3887 337 3924 tum
354 3875 497 3942 postulante
516 3887 603 3924 senatu
621 3893 636 3923 a
654 3875 775 3925 Gratiano
793 3879 924 3928 damnatus
942 3888 986 3928 est.
