2734 4792
347 563 382 604 m
406 558 600 606 enerranvn
621 560 795 628 uvcvsrvtt¹
1014 545 1054 624 37
1074 557 1077 569 ·

128 726 182 778 XI.
211 725 297 804 Quod
324 725 349 778 si
374 727 521 778 fortunam
547 737 647 792 tuam,
686 725 827 779 Gratiane
853 705 1052 792 ¹venerahilis,

94 838 172 891 quae
199 820 294 892 prima
321 819 352 871 in
381 819 503 874 ducibus
528 820 697 874 aestimatur
723 823 787 889 (ι),
824 835 967 892 perpensa
991 837 1054 873 exa-

94 915 258 968 minatione
290 914 453 982 libremus,
489 915 560 986 quid
595 915 710 988 (olicius
745 915 882 986 Principe
923 915 977 967 sub
1005 931 1054 985 pa·

92 1009 231 1064 rentibus
265 1009 456 1081 imperante?
499 1011 541 1062 Te
566 1009 695 1082 placido¹
717 1010 782 1062 sinu
812 1019 931 1062 cunctus
974 1008 1054 1062 orbis

91 1104 292 1176 amplectitur.
372 1105 502 1176 Cumque
544 1104 581 1156 sit
622 1106 788 1176 respublica
822 1106 903 1159 Patri
940 1116 969 1159 et
1003 1101 1063 1160 Pal

93 1209 167 1252 truo
192 1209 244 1278 tuo
274 1194 399 1272 quadarn
436 1197 533 1270 specie
567 1197 750 1268 distributo,
787 1199 842 1253 tibi
878 1200 928 1252 uni
959 1209 1056 1253 tamen
1130 1267 1132 1270 Ι

96 1310 165 1346 curn
199 1305 325 1366 utroque
361 1291 519 1348 communis
556 1304 601 1348 est
632 1296 686 1362 (2).
749 1297 776 1346 A
812 1293 957 1346 cubilibus
994 1311 1054 1346 sur·
1106 1331 1112 1343 ,

95 1388 193 1460 gentis
217 1392 262 1458 (a)
294 1401 416 1442 aurorae
445 1387 482 1442 ad
509 1399 601 1444 metas
636 1389 709 1442 solis
745 1389 858 1442 occidui
894 1387 965 1440 nihil
994 1404 1055 1442 cer·

95 1482 143 1534 nis
171 1483 303 1538 alienum.
358 1483 439 1537 inter
466 1493 605 1552 cognatos
637 1484 891 1554 siderumglobos
916 1492 1056 1555 quantum

95 1577 175 1636 niter
194 1579 239 1646 (b)
267 1575 411 1630 alterutro
439 1576 535 1628 minor
559 1585 604 1628 est
631 1578 692 1646 (t),
727 1588 839 1631 tantum
872 1577 977 1648 singuli
1006 1579 1054 1646 (d)

96 1689 134 1725 ex
151 1681 278 1740 utroquo
298 1670 502 1723 cumulationes
520 1673 573 1738 (e).

151 1764 217 1816 XII.
248 1764 345 1818 Audio
373 1765 543 1836 iampridem
570 1765 705 1831 fatidicos
735 1769 955 1821 obmurmurare
990 1775 1061 1835 gen:

38 1859 43 1866 “
98 1859 174 1913 tium
191 1869 291 1926 vates,
322 1859 461 1912 haetenus
485 1877 592 1914 nomen
621 1860 737 1914 stetisse
760 1861 964 1914 barbaricum:
1000 1859 1057 1910 iam

86 1953 230 2025 'genitum
254 1970 342 2021 esse,
380 1953 436 2006 iam
462 1943 595 2009 erescere
622 1935 668 2008 cui
692 1973 812 2009 necesse
839 1955 877 2008 sit
904 1971 968 2006 cum
991 1963 1055 2006 toto

99 2049 174 2102 orbe
200 2048 322 2102 servire.
376 2049 513 2104 incusant
541 2050 590 2103 alii
615 2057 815 2116 senectutem,
855 2057 1056 2118 servatamque

99 2143 130 2197 in
164 2153 298 2214 tempora
334 2143 448 2214 captiva
483 2143 628 2196 canitiem.
682 2143 766 2197 Alios
801 2153 921 2196 tenerae
957 2141 1058 2194 taedet

100 2237 229 2304 aetatis,
266 2237 317 2310 qui
336 2248 505 2308 postquam
541 2255 657 2292 sensum
691 2237 837 2292 libertatis
871 2237 1057 2299 hauserunt,

100 2343 182 2385 metu
216 2330 366 2384 servitutis
404 2331 558 2406 agitantur.
619 2331 728 2384 Merito
764 2332 893 2403 undique
925 2327 1058 2384 certatim

102 2425 249 2497 supplices
282 2425 388 2495 misere
419 2425 552 2496 legatos:
577 2426 706 2496 ¹captivo
743 2422 843 2476 similis
886 2435 953 2492 est,
1008 2423 1058 2496 qui

101 2521 212 2591 primus
239 2518 333 2572 currit
366 2518 403 2571 ed
427 2535 539 2590 pacem.
596 2518 694 2571 Credo
728 2515 853 2568 hostium
888 2517 1059 2586 responsis,

104 2613 190 2668 credo
215 2612 385 2684 praesagiis.
433 2614 581 2692 Quantum
610 2612 721 2683 gloriae
747 2607 934 2681 consequeris
969 2606 1058 2673 olim,

102 2709 190 2764 Patre
218 2707 376 2774 ineolumi,
411 2707 551 2764 ducturus
580 2706 761 2772 exercitum,
795 2704 846 2777 qui
881 2718 1060 2775 quacumque

105 2799 220 2857 duceris
238 2801 294 2854 iem
314 2804 426 2872 rogaris
445 2802 547 2876 ([ΥέΥ
842 2791 878 2936 R

442 2897 604 2966 Explihmt
621 2897 729 2963 Laudes

302 3049 306 3058 ¹
386 2995 414 3044 in
434 2989 597 3046 Gratianum
615 2993 779 3065 Augustum.

132 3198 168 3249 (n)
184 3195 238 3238 cod
250 3197 343 3250 primum
356 3195 490 3251 urguentis,
504 3203 549 3236 tum
563 3196 644 3237 iactum
656 3193 797 3248 surguentia.
811 3193 846 3246 (b)
861 3195 984 3246 Codexpro
998 3191 1062 3232 alter

108 3272 173 3312 babet
185 3271 268 3312 adbuc
289 3273 322 3322 (c)
340 3270 396 3312 Cod
413 3270 496 3316 minor
507 3284 538 3312 ec.
558 3272 595 3323 (d)
611 3269 665 3310 Coei.
680 3267 785 3322 singulte.
810 3271 844 3322 (e)
859 3268 907 3310 Col
916 3268 1010 3306 fortasse
1024 3277 1061 3304 cu-

108 3342 240 3384 mulatiore.
266 3345 276 3396 (
282 3343 314 3397 s)
329 3344 383 3384 God.
398 3357 504 3398 rogares.

107 3407 1067 3443 .....-.....................-..“-,...-..,..----ι

141 3523 179 3582 (1)
203 3519 321 3567 Imitatur
348 3515 510 3580 Symmachus
535 3517 683 3564 Ciceronem
709 3520 751 3580 qui
771 3529 822 3584 pro
842 3515 917 3584 Lege
937 3510 1062 3564 Munilia
1106 3585 1108 3592 Ι

108 3629 155 3665 xvt.
190 3613 340 3678 Pompeium
357 3613 534 3676 imperatorem
559 3627 588 3657 ex
616 3611 664 3658 hoc
688 3614 764 3658 etiam
789 3609 965 3662 commendat,
995 3607 1062 3673 quod
1088 3615 1096 3630 ·

57 3765 63 3776 1
110 3711 132 3756 ei
149 3711 270 3772 quaedam
289 3707 419 3771 singularis
436 3707 554 3754 adiuncta
571 3718 635 3754 esset
652 3707 760 3753 fortuni.

142 3806 180 3863 (11)
197 3806 292 3866 Reapse
310 3813 335 3850 et
347 3781 537 3850 Valentinianus
556 3801 656 3855 Galata,
674 3799 788 3846 Valentis
808 3799 881 3845 unica
900 3797 976 3844 virilis
995 3791 1063 3842 textis

109 3897 201 3960 proles,
230 3899 273 3960 qui
300 3896 416 3944 trimulus
435 3895 522 3944 consul
540 3895 587 3941 suit
605 3909 670 3940 anno
690 3893 733 3939 Cb.
753 3888 818 3958 369,
833 3910 896 3956 puer
913 3889 1063 3956 paulopost

109 3991 174 4039 obiit.
209 3991 274 4039 Vide
292 3993 420 4040 Socratem
439 4007 470 4038 tv.
491 3984 530 4040 16.
549 3988 734 4037 Theodoretum
752 4005 783 4036 lv
805 4001 844 4054 19,
