2730 4804
294 527 295 532 η
336 477 500 518 sauronam
532 450 702 519 sveusrun
732 461 757 518 I·
789 482 792 490 ’
954 481 957 490 ·
983 481 1013 516 ιι

684 561 687 570 2
1040 544 1046 563 ι

71 649 257 712 praeceptum
286 649 392 692 tuum
389 641 480 710 parvi
515 641 666 704 habitum
697 641 787 711 siquis
818 651 854 694 te
883 639 1020 694 vindicas·

73 744 116 786 set
143 733 270 786 invitum.
327 733 499 826 Quisquam
526 752 562 787 ne
600 735 763 806 neglectum
805 735 848 788 sui
875 735 1021 804 postulat,

75 837 102 879 et
133 825 317 880 devotionem
349 837 431 897 putat
450 829 473 880 si
503 846 533 884 se
561 847 645 882 nemo
684 829 845 881 delendat?
882 829 927 880 En
965 827 1021 880 ani-

74 916 136 973 mus
166 921 260 972 maier
286 921 427 990 imperio,
425 923 507 974 sub
535 940 592 992 quo
618 923 752 976 maiestas
781 922 944 1039 neglegitur
964 923 1021 989 (ιη)

77 1025 104 1068 et
135 1014 252 1086 eruptio
278 1015 448 1067 vindicatur.
835 1069 843 1084 x

124 1107 207 1159 XIII.
244 1107 320 1186 Quid
349 1107 425 1180 quod
454 1110 497 1162 vis
525 1109 580 1162 ista
607 1121 728 1178 naturae
756 1120 818 1175 est,
846 1119 878 1162 ut
907 1125 940 1161 ea
967 1109 1024 1164 sint

74 1201 231 1273 unicuique
269 1201 305 1253 ad
340 1219 454 1256 sensum
494 1201 604 1255 doloris
637 1203 735 1274 ¹prima
770 1219 844 1276 quae
880 1201 1023 1272 propria?

74 1313 130 1348 nee
166 1295 337 1366 quisquam,
385 1314 415 1349 se
453 1297 516 1368 ipso
554 1297 673 1364 iudice,
710 1299 826 1368 impune
864 1295 1024 1350 laedatur?

76 1387 121 1441 Tu
157 1389 186 1441 in
222 1389 335 1443 casibus
371 1391 428 1444 tuis
466 1391 611 1456 clemens,
656 1406 773 1446 severus
806 1391 836 1443 in
873 1389 1024 1462 publicis,

74 1493 161 1552 turpe
201 1485 346 1539 existimas
380 1485 507 1556 Principi
539 1496 634 1539 motus
674 1473 734 1538 odii
768 1485 878 1538 habere
909 1481 1026 1554 privati.

74 1577 184 1630 Merito
203 1593 273 1646 ergo
312 1593 329 1628 a
367 1576 451 1628 nobis
485 1579 606 1647 amplius
636 1577 764 1643 amaris,
802 1579 869 1650 quia
905 1594 959 1646 pre
996 1586 1025 1628 te

73 1671 170 1724 minus
193 1668 339 1722 iraseeiis.
395 1669 495 1722 Nescis
520 1671 563 1722 uti
593 1671 673 1740 regia
698 1687 783 1724 manu
808 1679 909 1722 eontra
930 1675 1026 1722 deme·

74 1762 164 1816 stieas
201 1762 369 1815 simultates.
428 1763 460 1816 Si
497 1763 643 1816 erubescis
679 1773 742 1816 tuas
779 1761 899 1815 iniurias
935 1764 1027 1814 ultum

75 1856 138 1920 ire,
176 1857 260 1922 audi,
306 1857 489 1928 Imperator,
532 1857 611 1928 quod
644 1867 674 1910 te
710 1865 815 1909 acuat:
848 1855 941 1908 nestri
975 1855 1026 1908 ini·
1078 1839 1079 1842 Ἴ

73 1949 142 2002 miei
179 1961 246 2004 sunt
278 1951 327 2021 qui
357 1951 509 2006 rebellant.

143 2043 223 2097 XIV.
253 2044 313 2098 Sed
328 2045 575 2098 'illiusLatrenis
605 2047 696 2098 iustus
722 2061 840 2098 occasus
869 2043 1026 2098 venerandi
1097 2111 1099 2116 ,

75 2137 188 2190 Fratris
218 2139 261 2190 tui
287 2139 422 2192 laudibus
447 2157 512 2192 cum
539 2139 647 2212 ¹ceteris
680 2139 809 2191 Orientis
840 2137 955 2190 adoreis
984 2155 1027 2190 re·

75 2239 220 2282 servetur.
257 2232 352 2286 Unum
382 2243 478 2287 tamen
500 2235 556 2287 hee
579 2233 757 2304 praelibasse
783 2232 927 2305 sufficiet:
964 2249 1028 2283 cum

75 2322 127 2374 diu
165 2338 270 2394 anceps
304 2324 412 2376 bellum
442 2327 560 2394 fuerit,
605 2327 646 2379 sis
680 2326 820 2378 victoriae
861 2325 1028 2379 moderatus

76 2426 138 2481 est,
166 2417 249 2486 quasi
268 2427 370 2470 eontra
389 2435 419 2470 se
439 2435 523 2470 nemo
542 2418 677 2489 pugnarit
696 2423 751 2486 (1).

145 2510 208 2564 XV.
236 2511 354 2564 Omira
379 2511 456 2563 inter
477 2528 529 2564 vos
555 2511 713 2573 similitudo
740 2512 875 2583 pietatis!
914 2514 959 2566 Tu
977 2527 1025 2566 ne·

76 2603 132 2656 seis
174 2605 256 2657 civile
291 2615 437 2658 certamen
471 2600 649 2674 adripere'‚‘
675 2604 724 2658 ille
760 2608 816 2658 nen
843 2615 941 2676 petest
969 2607 1028 2659 vin·

77 2697 185 2749 dicare.
241 2699 418 2772 Quamquam
452 2699 502 2764 illa
537 2697 728 2752 dissimulatio
767 2709 816 2751 tna
854 2716 912 2751 non
949 2709 1028 2754 earet

77 2792 187 2844 honore
221 2791 380 2844 Germani:
428 2793 497 2844 satis
532 2793 655 2846 idoneus
691 2793 746 2846 tibi
784 2791 821 2845 ad
856 2772 1028 2848 vincendum

77 2885 158 2938 visus
194 2895 262 2950 est,
297 2885 342 2938 eui
374 2885 509 2940 auxilium
543 2903 602 2940 non
630 2884 744 2939 tulisti:
775 2885 805 2938 in
832 2903 934 2958 magna
958 2885 1028 2940 fidu·

79 2979 126 3030 eia
160 2977 255 3031 minor
296 2996 367 3032 eura
401 2989 454 3033 est.
508 2979 616 3034 Merite
658 2978 701 3032 illi
736 2979 865 3050 captivus
901 2980 1028 3054 Rebellis

128 3265 168 3338 (ιι)ι
193 3284 251 3326 eod.
269 3286 405 3340 neglegatur.

75 3441 1036 3464 m

128 3591 176 3648 (ι)
190 3587 324 3635 Valentem
350 3584 487 3632 elementer
509 3579 611 3633 victoria
636 3601 709 3634 usum
734 3585 805 3633 aiunt
829 3595 937 3638 oratores
962 3590 1029 3653 Sym·

78 3681 195 3737 machus,
224 3693 254 3762 et¹
273 3680 422 3728 Themistius
445 3681 513 3728 Orat.
531 3697 573 3728 ιιι.
598 3696 644 3728 nec
661 3696 712 3727 non
729 3679 848 3728 Liberius
866 3680 892 3730 in
910 3683 958 3730 vita
975 3699 1030 3746 pre·

78 3778 133 3841 pria
156 3777 221 3824 Edit.
245 3775 344 3822 norell.
369 3777 396 3821 T.
416 3787 437 3823 a.
463 3775 531 3822 Orat
547 3778 567 3824 Ι,
592 3793 616 3839 p.
631 3767 731 3822 55·5b.
779 3775 827 3822 Sed
855 3778 1029 3828 contradicunt
1070 3760 1074 3767 ,

80 3882 163 3934 aperte
180 3869 304 3920 Historici·
316 3871 463 3920 Ammianus
481 3885 534 3919 xxvr
552 3879 593 3934 9⁸
604 3883 642 3920 ιο.
660 3869 772 3919 Ζοιὶιιιιιι
791 3885 821 3920 ιι.
852 3910 853 3914 ,
