2730 4804
191 543 315 586 tivum
336 541 373 584 ιιι
393 502 668 582 vicessimum
690 537 758 584 san·
775 537 850 593 spe·
869 521 910 578 ΙΙ·
991 519 1028 602 ¹⁵.

148 705 186 760 ll
219 707 384 768 Nolumus,
401 675 525 756 divisis
555 701 744 768 Moderator‚
781 702 869 756 tantis
902 698 1028 772 negotiis

81 818 178 874 parem
206 819 264 857 non
291 817 354 852 esse
381 799 554 851 mercedem
598 796 678 850 idem
705 797 759 850 tibi
784 796 943 882 praemium
969 795 1027 867 ple

79 913 198 967 rumque
220 893 406 958 decernitur,
432 909 496 946 cum
523 908 538 943 a
563 901 591 944 te
619 891 732 944 diversa
750 901 946 960 praestentur.
996 890 1028 944 si

78 1007 132 1043 non
160 987 294 1058 congruit
327 987 438 1039 meritis
471 985 550 1056 quod
584 986 708 1038 solutum
744 997 805 1050 est,
843 985 935 1064 bonor
969 985 1028 1038 vin·

80 1084 153 1135 citur
182 1099 242 1134 non
273 1087 415 1156 voluntas.
467 1081 538 1130 Nam
569 1079 639 1150 quid
681 1079 735 1133 tibi
774 1078 862 1131 adicit
898 1079 1029 1132 consula·

79 1187 124 1230 tus
151 1179 215 1243 (ι,)
244 1193 306 1228 cum
336 1174 436 1227 felices
455 1175 499 1276 (Ι)
537 1190 627 1226 annos
657 1171 771 1240 imperii
806 1173 848 1225 tui
882 1172 917 1225 de
953 1183 1028 1225 aeta·

81 1271 157 1323 tibus
208 1285 346 1322 novarum
391 1245 506 1322 urbium
552 1267 725 1323 calculemus
757 1265 843 1336 (η’.)
894 1266 1028 1320 Aliorum

79 1374 211 1435 tempora
264 1363 347 1418 fastis
394 1371 544 1416 numerata
592 1372 683 1422 sunt,
735 1371 833 1415 vestra
885 1360 1027 1414 victoriis

81 1457 143 1510 Hoc
183 1475 270 1510 unum
311 1468 407 1510 tamen
448 1457 504 1510 rite
541 1457 729 1521 curavimus,
775 1466 807 1510 ut
845 1455 874 1508 in
913 1453 1029 1526 oppidis

75 1569 167 1622 nuper
195 1552 302 1604 erectis
328 1551 453 1621 primum
471 1550 617 1604 discerent
635 1549 784 1603 consulem
802 1549 995 1602 conditorem.

145 1646 199 1696 ΙΙΙ.
229 1646 453 1716 inauguremtur
472 1645 513 1710 (c)
543 1642 660 1696 inclutis
685 1642 843 1695 triumfalia
869 1653 962 1726 eastra
980 1661 1028 1697 no-

76 1739 202 1789 minibus
230 1740 285 1802 (ι).
335 1735 403 1790 Fuit
431 1735 548 1788 evidens
574 1748 678 1797 causa„
708 1753 764 1812 qua
796 1736 889 1788 fasces
915 1727 1029 1790 sumere

78 1821 180 1883 tertio'
194 1829 360 1901 cogereris;
391 1829 498 1882 etenim
524 1846 560 1882 ne
586 1829 771 1899 magistratus
798 1829 934 1882 romanos'
961 1847 1029 1899 pro·

76 1925 148 1976 xime
182 1923 316 1975 adiuncta
353 1933 430 1975 terra
463 1933 639 1994 respueret,
671 1921 708 1976 ab
741 1939 788 1988 eo
813 1932 957 1993 sumptum
986 1933 1031 1978 est

76 2017 271 2088 principium,
299 2017 348 2088 qui
375 2017 495 2070 timetur
514 2017 567 2082 (3).
642 2015 692 2068 ihil
722 2025 787 2069 ante
813 2016 962 2087 prioribus
983 2019 1034 2086 (d)-

48 2112 181 2183 'gestis‚
211 2099 363 2182 Auguste,
399 2109 581 2182 decerpimus
642 2109 833 2164 Si=reeentia
859 2111 921 2164 sola
945 2128 1029 2182 repe·

78 2216 194 2268 tamus,
226 2215 340 2276 stupeo.
396 2205 462 2258 Non
486 2205 580 2258 minus
607 2204 657 2257 illa
685 2215 751 2258 sunt
777 2221 851 2282 quae
876 2204 1030 2276 comperi,

78 2298 130 2351 sed
148 2299 218 2350 haee
236 2298 326 2368 magis
347 2298 435 2370 diligo
462 2316 535 2371 quae
555 2297 686 2370 probavi.
730 2295 833 2369 Adque
853 2301 896 2366 (ι)
919 2297 1030 2362 utinam

75 2391 219 2444 modicum
257 2391 365 2461 ingenii
402 2393 458 2444 mei
494 2394 596 2445 saitem
632 2393 702 2443 nota
728 2391 933 2461 *contuendam
960 2388 1029 2464 (Di

76 2485 220 2556 Adempta
252 2484 320 2536 mihi
359 2494 403 2537 est
433 2486 554 2544 honesta
583 2484 740 2538 defensio:
780 2501 853 2556 quae
882 2485 944 2556 ipse
970 2504 1030 2538 non

78 2577 226 2644 videram,
263 2577 348 2630 venia
382 2579 494 2644 maiore
528 2577 691 2630 laudabam.
754 2577 891 2652 Quisquis
926 2595 1030 2632 areana

77 2686 197 2725 naturae
223 2671 347 2725 serutari
372 2673 524 2744 postulat,
549 2681 579 2724 te
606 2680 754 2742 sequatur.
792 2669 1035 2726 Non=fluminum

102 2827 138 2883 (α)
153 2831 208 2870 Cod.
220 2828 362 2870 consolatus.
382 2829 416 2881 (d)
430 2829 484 2870 God.
491 2827 578 2877 filices.
600 2831 746 2883 (niueos.
761 2837 957 2887 cummprom(
948 2834 1031 2885 (dllta

77 2897 132 2938 Cori
146 2901 203 2936 onte
213 2893 341 2947 prioribus
368 2896 402 2946 (e)
420 2893 453 2935 Ita
465 2885 519 2936 eoo
533 2897 617 2950 adque
644 2901 653 2950 (
656 2899 689 2954 s)
707 2899 741 2940 Ita
753 2911 844 2953 prorsus
856 2915 878 2942 ae
891 2901 957 2943 babet
967 2902 1029 2942 locus

76 2964 99 3002 in
115 2961 204 3002 Codice

110 3093 150 3150 (ι)
169 3093 263 3138 Turres.
276 3105 319 3136 seu
338 3089 438 3136 castella
457 3092 485 3137 in
502 3089 582 3138 limite
598 3091 697 3154 imperii
716 3092 849 3154 quotannis
867 3093 941 3140 condi
961 3093 1032 3142 iubet

76 3185 267 3234 Valentinianus
286 3185 339 3248 lege
361 3177 404 3232 13!
419 3185 456 3232 tit.
478 3196 498 3232 ι.
517 3183 560 3234 lib.
578 3201 616 3232 xv.
635 3185 695 3232 Cod.
713 3183 805 3232 Theod.

111 3283 138 3334 (ι
143 3280 274 3336 jFaciunt
298 3280 401 3325 sortasse
425 3280 455 3326 ad
479 3278 547 3328 hunc
566 3279 649 3326 locum
667 3295 696 3326 ea
715 3294 778 3341 quae
795 3280 857 3328 dicit
872 3284 996 3360 interpres
1015 3297 1030 3328 a

75 3389 118 3420 me
137 3373 217 3418 editus
236 3373 265 3417 ad
285 3372 431 3418 Orationem
450 3373 526 3420 Tullii
544 3391 594 3438 pre
613 3374 712 3425 Scauro
729 3365 863 3430 (Editionis
876 3390 963 3427 meae5
975 3369 1031 3434 ..6)

75 3469 107 3514 de
133 3482 204 3514 more
228 3467 293 3527 apud
320 3467 444 3528 Antiquos
469 3467 544 3513 etiam
570 3482 599 3512 ex
616 3437 778 3524 uomidibus,
804 3469 949 3532 praesertim
968 3465 1031 3517 belli

75 3572 206 3624 tempore,
237 3561 346 3622 auspicia
373 3561 494 3606 sumendi.
529 3560 652 3608 Videlicet
671 3564 798 3625 utriusque
815 3562 920 3626 Augusti
939 3562 1030 3612 valen·

75 3656 165 3704 tiniani
184 3665 209 3702 et
228 3654 339 3702 Valentis
360 3655 460 3700 nomina
480 3656 610 3702 commoda
629 3667 700 3703 erant
717 3657 747 3702 ad
767 3671 848 3702 omen.

109 3743 148 3809 (3)
166 3751 312 3797 Ammianus
330 3767 381 3796 xxx.
398 3742 423 3796 8.
442 3751 483 3808 ait,
518 3751 595 3806 „ideo
622 3750 813 3799 Valentinianus
841 3752 931 3798 merito
959 3752 1029 3798 time·

73 3841 186 3900 „batur,
206 3845 272 3905 quod
292 3854 317 3890 et
337 3845 457 3891 exercitus
471 3846 539 3892 auxit
555 3843 636 3892 valido
655 3843 836 3906 supplemento,
853 3855 879 3895 et
896 3845 1031 3908 utrobique

74 3935 211 3990 „Rhenum
229 3938 374 3988 celsioribus
392 3941 478 3987 eastris
494 3939 600 3986 munius
616 3948 691 4002 atque
707 3937 842 3992 castellis.“
