2734 4792
914 427 929 452 0

349 516 389 581 26
589 535 714 606 nevers
738 535 773 576 ru
796 533 1075 584 riunnrimauvu

222 723 224 730 ’
279 755 282 762 ,
346 700 478 756 Exclusit
503 697 597 752 cultus
626 697 775 767 indigenas
795 663 866 766 (ιι),ι
896 708 925 751 et
952 696 1034 768 quasi
1061 695 1119 748 iam
1136 693 1304 746 vacantibus
1344 667 1345 688 Χ

345 794 448 848 mediis
495 791 622 845 ulterior
665 793 763 845 accola
805 770 956 846 romanum
1005 777 1110 843 foedus
1153 788 1303 859 efflagitat.

347 887 414 941 Non
441 871 505 950 est,
541 896 574 938 ut
592 894 742 956 auguror,
777 887 929 950 otiosum,
968 884 1049 956 quod
1068 877 1305 953 Burgundionum

344 983 450 1036 crebra
477 977 586 1049 legatio
615 979 800 1032 concordiam
828 978 988 1050 postulavit
1017 980 1071 1048 (ι).
1132 980 1192 1030 Aut
1226 994 1303 1029 arma

345 1075 492 1146 Principis
522 1073 711 1140 sentiuntur,
758 1084 808 1128 aut
845 1074 901 1126 iarn
936 1073 1014 1126 celsa
1050 1072 1160 1125 eminus
1196 1080 1303 1123 castro·

339 1174 410 1224 'rum
450 1178 528 1221 tecta
565 1168 733 1246 rutilarupt.
803 1170 926 1240 Optant¹
949 1169 1107 1221 cohaerere
1142 1163 1302 1218 victoribus
1345 1193 1346 1280 p

343 1265 425 1338 prius
453 1278 546 1333 pace,
581 1279 668 1334 quam
697 1262 798 1316 limite.
851 1261 882 1316 si
911 1261 972 1315 ulla
996 1260 1051 1314 tibi
1081 1261 1111 1312 in
1139 1260 1200 1313 otio
1227 1265 1303 1312 esset
1345 1285 1346 1290 =

284 1389 286 1396 ·
345 1369 448 1420 aetas,
482 1372 587 1424 preces
613 1355 658 1424 (b)
685 1355 807 1410 forsitan
831 1354 1021 1410 distulissent.
1084 1353 1234 1432 Quidquid
1262 1354 1301 1405 in·

344 1452 468 1505 terlucet
494 1449 625 1501 ornando
651 1449 789 1518 iungetis.
844 1451 992 1515 accessu,
1030 1465 1082 1501 ore
1109 1463 1216 1518 rogans
1240 1458 1301 1501 tota
1345 1453 1346 1498 ζ

344 1541 535 1598 consumitur.
588 1541 646 1595 Ubi
675 1542 719 1594 illi
751 1546 794 1612 (c)
821 1543 888 1595 su'nt
918 1541 968 1614 qni
996 1541 1102 1595 dudum
1127 1541 1301 1595 Germaniae
1345 1547 1346 1560 ³

344 1639 477 1692 civitates
506 1635 655 1690 obsidione
681 1675 689 1690 .
717 1653 810 1689 ..·..
860 1673 896 1690 ..
926 1673 934 1688 .
960 1673 968 1687 .

462 1865 470 1883 .
502 1861 509 1875 .
541 1823 618 1876 XXI.
646 1825 688 1878 At
712 1834 779 1876 ortu
804 1825 834 1877 in
859 1825 959 1878 oceani
987 1825 1062 1878 ostia
1080 1826 1210 1897 riparum
1230 1844 1327 1894 mar,

343 1923 426 1994 gines
453 1928 575 1990 operum
602 1933 711 1969 corona
741 1919 885 1988 praetexit
910 1923 965 1990 (2).
1021 1917 1092 1997 Quis
1121 1921 1222 1975 eredat
1247 1923 1301 1974 hoc

344 2029 462 2086 qtroque
491 2025 555 2063 esse
585 2019 715 2062 curatum
729 2047 744 2074 „
778 2028 815 2064 ne
851 2014 986 2084 portibus
1016 2013 1188 2088 indigeret?
1229 2017 1301 2068 Nam
1346 2033 1347 2084 t

339 2124 403 2180 qua
435 2103 518 2175 regio
551 2101 733 2157 Nemetcnsis
764 2105 951 2186 extepditur,
997 2123 1146 2162 recessum
1176 2109 1301 2164 fluminis
1346 2089 1347 2094 Ἰ

343 2215 494 2262 murorum
529 2196 654 2249 ambitus
690 2198 868 2266 vindicavit,
905 2219 998 2272 parvo
1034 2203 1116 2255 aditu
1146 2221 1199 2256 nec
1230 2206 1299 2257 satis

275 2281 279 2292 ¹
323 2297 465 2364 libero,
518 2299 552 2342 ut
601 2291 735 2344 stationis
781 2292 873 2346 exitus
917 2295 1146 2365 propugnaculis,
1176 2297 1300 2368 desuper

343 2395 526 2462 protegatur.
580 2385 697 2438 Habent
717 2403 768 2439 sua
787 2387 1118 2457 quodammodo'castra
1136 2401 1299 2456 rostratae,
1347 2414 1348 2462 t

346 2493 376 2537 ct
408 2482 488 2534 intro
528 2480 574 2550 (il)
610 2481 747 2534 conclave
784 2479 876 2534 Rheni
911 2483 993 2553 regia
1028 2482 1126 2562 classis
1161 2494 1299 2540 armatur.

249 2593 254 2600 ·
342 2575 432 2630 Fallit
482 2575 592 2630 eminus
635 2575 774 2629 intuentis
820 2578 967 2630 theatrum
1010 2581 1052 2644 (e)
1088 2589 1297 2649 consaeptum,
1347 2581 1348 2620 ἓ

344 2671 395 2744 qui
423 2687 490 2722 cum
516 2670 633 2723 videant
661 2687 717 2740 per
746 2687 856 2723 summa
883 2670 941 2742 (J)
971 2671 1120 2739 discurri,
1154 2689 1210 2745 per
1245 2675 1299 2726 ima

317 2775 319 2780 ’
343 2765 477 2817 nesciunt
505 2764 645 2834 navigari.

338 2879 341 2889 ·
376 2858 469 2912 Xllll.
498 2858 701 2929 supererant,
736 2861 891 2938 Auguste,
925 2861 1010 2930 plura
1045 2877 1121 2932 quae
1149 2861 1296 2916 dicerem:

343 2951 397 3006 sed
426 2951 503 3004 inter
530 2962 576 3006 tot
604 2954 763 3024 scriptores
793 2971 892 3007 rerum
923 2963 1116 3020 tuarum,n
1098 2956 1164 3008 nolo
1193 2957 1296 3010 ceteris

337 3053 349 3066 Ἰ
368 3073 405 3159 (ag
416 3073 538 3114 Notaindt'
553 3085 616 3117 enus,
635 3083 701 3128 quum
682 3070 767 3110 malibi
785 3066 944 3110 viderimue'u
921 3082 944 3107 tu
947 3071 1053 3120 degener.
1073 3069 1177 3172 (VpCod
1189 3082 1237 3119 pru
1239 3083 1296 3108 ecee

343 3121 380 3168 (o)
405 3123 440 3162 od.
448 3121 524 3172 illie(
563 3121 657 3162 ltnGod
665 3117 874 3170 introprointra.(
865 3117 1063 3167 (conditerem
1118 3119 1163 3158 l'od
1177 3131 1227 3158 cum
1229 3133 1295 3158 emtum

376 3225 416 3283 (l)
434 3225 621 3286 Burgundiones
639 3227 701 3282 (seu
725 3225 898 3287 Burgundios)
922 3225 1113 3271 Valentinianus
1131 3225 1249 3272 excitavit
1270 3226 1294 3270 in

341 3311 496 3360 Alamannos
513 3313 683 3360 Romanorum
698 3309 781 3357 hostes
797 3321 938 3374 perpetuos,
957 3314 1081 3374 spondens
1100 3325 1126 3358 se
1139 3311 1190 3358 illis
1204 3311 1294 3358 auxilio

341 3399 461 3446 futurum.
497 3398 530 3446 Et
540 3399 727 3461 Burgundiones
738 3398 839 3460 quidem
853 3398 901 3453 lide
912 3398 996 3446 habita
1008 3399 1096 3446 loedus
1107 3417 1165 3447 cum
1178 3398 1294 3448 Romanis

341 3485 462 3541 inierunt,
480 3486 522 3533 sed
534 3484 726 3533 Valentinianus
734 3485 816 3546 pactis
829 3501 879 3530 non
890 3486 964 3532 stetit.
1000 3487 1082 3532 Arum.
1103 3501 1184 3534 xxvtu.
1205 3480 1228 3533 5.

353 3581 356 3587 '
376 3573 415 3631 (2)
432 3571 642 3626 „Valentinianus
658 3571 752 3630 (inquit
762 3571 909 3618 Ammianus
921 3587 1002 3632 rxvtu.
1011 3555 1054 3631 ι2.)
1071 3571 1183 3620 Rhenem
1196 3587 1295 3620 omnem

341 3674 376 3714 „a
394 3659 537 3706 Raetiarum
551 3659 651 3706 exordio
671 3657 782 3717 adusque
801 3657 915 3704 fretalem
936 3673 1057 3706 oceanum
1074 3661 1169 3722 magnis
1188 3659 1294 3706 niolibus

341 3744 564 3802 „communiebat,
582 3757 662 3808 castra
676 3742 797 3790 extollens
815 3743 889 3810 altius
902 3755 926 3791 et
937 3746 1038 3794 castella
1057 3761 1101 3809 per
1118 3746 1214 3792 habiles
1228 3747 1293 3792 locos

341 3842 387 3886 „et
398 3840 559 3892 opportunos,
571 3849 620 3894 qua
633 3831 775 3881 Galliarum
788 3832 929 3879 extenditur
939 3832 1085 3896 longitudo:
1105 3849 1293 3896 nonnumquam

342 3917 437 3974 „etiam
450 3915 516 3966 ultra
527 3913 620 3968 flumen
630 3921 749 3969 aediliciis
758 3919 845 3984 positia
858 3920 994 3968 subradens
1004 3921 1123 3969 barbaros
1132 3921 1195 3969 fines
1203 3955 1228 3978 „.
