2730 4804
450 525 695 566 PRAEFATIO
820 529 822 538 ‘
1008 525 1042 564 lx

93 705 156 754 tam
207 715 223 752 a
274 691 370 753 nobis
413 689 589 772 culpandus
631 688 760 752 videtur
809 687 1040 770 Symmachus,

90 821 184 884 qnam
223 799 392 884 diligenter
429 797 633 873 cavendum,
686 817 726 857 ne
758 795 834 858 dum
872 799 942 858 eius
981 797 1042 858 ela-

89 907 235 968 boratam
273 906 502 991 ardentemque
539 885 722 966 facuntssm
759 897 907 990 cupidius
945 918 1043 966 secta·
1072 944 1081 968 a

90 1034 181 1091 mur,
206 1015 240 1075 in
263 1013 397 1075 finitima
418 1015 497 1086 vitia
518 1013 693 1076 veniamus.

152 1145 213 1185 ru.
250 1123 327 1183 Dixi
364 1122 403 1182 de
446 1122 624 1202 Symmachi
662 1122 792 1205 ingenio
821 1122 954 1205 eiusque
982 1143 1044 1182 usu
1099 1157 1224 1210 swa„

90 1231 282 1314 plerumque
312 1232 455 1313 optimo,
497 1229 660 1292 interdum
681 1225 816 1307 tamen,
840 1229 896 1291 sed
917 1230 1041 1306 rarius,
1068 1223 1226 1342 :ffufflrffi'

88 1360 156 1399 uon
192 1337 369 1421 probando.
441 1322 536 1398 Nunc
572 1351 609 1400 ut
646 1337 789 1399 eiusdem
827 1338 1043 1399 elocutionem
1069 1365 1145 1410 quau
1162 1371 1225 1412 gran-

88 1447 395 1529 exornationemque
425 1445 665 1524 commendem3
703 1446 790 1510 ,mihi
823 1445 973 1530 profecto
1007 1466 1044 1506 ea
1070 1423 1111 1464 ³¹⁸·

89 1552 218 1616 videtur
252 1552 432 1627 eiusmodi,
481 1566 519 1612 ut
551 1575 655 1614 novus
692 1553 813 1616 Orator
847 1555 941 1637 plane
974 1553 1044 1614 lati-

90 1682 163 1720 nam
205 1659 422 1743 eloquentiam
466 1659 652 1742 locupletet,
728 1663 909 1745 Numquam
956 1661 1045 1741 Sym·
1109 1671 1111 1676 '

91 1766 221 1827 machus
269 1755 421 1828 incultam
478 1768 656 1828 orationem
713 1769 842 1851 vulgari
897 1789 1045 1830 sermone

91 1871 187 1934 effert
203 1893 225 1932 :-
248 1893 354 1956 pure,
397 1863 598 1951 emendate,
628 1876 725 1937 latine
753 1875 910 1960 loquitur.
976 1877 1046 1937 Etsi

91 1979 198 2043 autem
228 2002 292 2057 §ee
328 1979 436 2043 fusum
465 2003 524 2044 nec
552 1983 735 2048 redundans
765 1983 895 2044 adhibet
920 2005 1044 2069 genus,
1069 2037 1071 2044 ,

70 2091 190 2151 'immo
226 2111 299 2151 eum
335 2088 575 2174 frequentiores
611 2112 720 2152 morae
750 2093 1046 2177 respirationesque

91 2198 273 2274 delectant3
308 2210 414 2258 tamen
448 2199 592 2259 oratorio
604 2236 611 2276 χ
633 2221 768 2282 prorsus
795 2213 947 2283 apparatu
978 2221 1047 2262 sese

95 2317 230 2366 exornat
257 2304 480 2385 Symmachus,
524 2319 627 2390 atque·
649 2307 688 2366 ad
717 2309 794 2367 artis
824 2309 950 2393 regulas
979 2321 1048 2369 tum

94 2411 273 2477 verborum
307 2424 524 2488 structuram,
542 2399 545 2410 i
564 2427 634 2474 tum
667 2415 898 2476 sententiarum
930 2422 1058 2479 nexum¹

96 2534 281 2584 constanter
323 2520 446 2604 exigit,
511 2533 544 2581 et
587 2520 718 2582 omnino
759 2522 901 2583 rationes
939 2545 1048 2586 omnes

97 2627 293 2690 excolendae
320 2629 478 2690 orationis
504 2628 722 2712 persequitur.
768 2629 932 2714 Exemplis
955 2633 1049 2694 etiam

95 2737 134 2796 ab
173 2736 308 2796 historia
352 2757 484 2796 romana
525 2757 703 2821 graecaque
739 2737 917 2822 desumptis
958 2761 1050 2825 argu-

94 2855 239 2904 mentum
272 2843 453 2916 illuminat,
492 2844 588 2928 idque
616 2843 694 2905 adeo
721 2846 826 2926 perite
856 2860 888 2908 et
917 2849 1050 2931 copiose
1075 2901 1081 2910 .

95 2951 197 3026 facit,
250 2963 287 3012 ut
318 2951 399 3012 nihil
427 2952 475 3012 illi
505 2974 571 3013 non
600 2953 721 3012 lectum
732 2997 746 3028 ¹,
797 2955 878 3014 nihil
905 2977 972 3016 non
1003 2955 1050 3015 in-

98 3059 263 3140 tellectpm
293 3058 467 3120 existimes.
531 3062 591 3120 Est
617 3059 694 3144 item
720 3082 738 3119 a
766 3059 991 3146 philosophia,
1035 3085 1053 3123 a

96 3167 169 3227 iure
201 3166 310 3242 civili,
356 3188 374 3226 a
401 3188 438 3228 re
465 3167 623 3250 politica,
680 3168 719 3228 ab
748 3181 816 3234 arte
845 3169 982 3249 bellica,
1036 3192 1053 3230 a

94 3273 236 3335 lectione
281 3287 448 3336 oratorum
489 3289 583 3360 atque
625 3287 817 3356 poetarum,
873 3278 914 3338 ab
951 3278 1053 3339 omni-

96 3402 178 3467 gena
217 3380 398 3442 litteratura
434 3383 663 3466 paratissimus.
745 3382 834 3476 Quin
866 3397 899 3444 et
930 3381 1053 3446 fabulas

99 3488 270 3574 aliquoties
300 3509 317 3547 a
353 3489 499 3570 mythicis
527 3503 717 3567 mutuatur,
749 3490 837 3574 quod
873 3491 979 3554 minus
995 3493 1053 3556 ¹ui-
1087 3527 1090 3535 ·

100 3596 230 3658 debitur
264 3595 433 3674 insolens,
481 3599 508 3659 si
536 3597 781 3682 reputabimus,
824 3598 929 3680 ipsum
965 3600 1054 3664 Cice-

100 3725 214 3767 ronem
245 3702 279 3769 in
301 3705 520 3773 ¹orationibus
557 3707 596 3768 ad
628 3698 786 3769 eiusauodi
821 3707 1053 3772 oblectationes

101 3835 169 3874 non
199 3815 298 3875 semel
327 3813 500 3878 divertere.
560 3815 711 3899 Denique
739 3815 917 3879 delectandi
944 3818 1053 3900 ampli-

101 3917 261 3986 ficandive
303 3922 404 4009 gratia
443 3943 460 3984 a
500 3923 670 4007 proposito
716 3945 845 4009 quoque
892 3925 1054 3988 interdum
