2730 4804
319 553 357 596 20
569 554 697 600 LAVDES
718 555 753 594 ΙΝ
775 551 1049 596 vnuanmulnttvm

304 684 395 770 ιίὶιίιιι
424 727 557 783 constat,
595 719 697 772 habes
715 711 913 772 testimonium
946 715 1055 786 grande
1092 715 1275 784 meritorum,

280 849 283 858 .
324 829 390 864 oum
418 821 500 864 tanto
528 811 619 864 caeli
627 813 728 866 lavore
756 812 811 864 ista
830 809 962 882 perfecta
982 817 1070 873 sunt,
1102 817 1212 878 quanto
1229 809 1277 862 illa

323 903 392 956 otlio
423 915 608 956 corruerunt.
663 903 831 957 Obscdetur
859 887 950 954 oculis
975 900 1116 954 subiecta
1125 902 1275 970 barbaria,

259 1049 264 1054 ,
323 1007 354 1050 et
382 997 524 1068 intellegit
553 995 609 1056 sibi
635 997 803 1050 libertatem
829 1010 884 1064 pro
914 1003 997 1064 parte
1029 993 1195 1060 sublatam,
1232 996 1276 1076 cui

322 1107 381 1144 non
417 1090 487 1143 licc't
516 1090 624 1144 habere
656 1100 801 1143 secretum
832 1089 887 1156 (ι).
958 1088 1021 1140 Νοιι
1057 1104 1110 1158 ego
1140 1063 1277 1142 montilum

252 1211 260 1229 s
321 1183 473 1256 speculas,
510 1193 560 1236 aut
587 1183 685 1236 decisa
707 1181 856 1271 Aegyptiis
891 1180 1013 1251 rupibus
1047 1197 1172 1250 procera
1198 1182 1277 1234 mira·

322 1277 410 1342 cula,
464 1277 511 1330 vel
546 1276 726 1348 pyramidum
760 1249 884 1329 verlices
921 1275 1097 1344 angulosos,
1152 1275 1271 1344 fastigiis

324 1373 419 1424 celsae
444 1355 526 1424 urbis
553 1372 750 1441 aequaverim.
805 1370 893 1440 Regis
909 1371 943 1434 Ιιι(
945 1370 985 1438 )’
978 1387 1054 1440 ipsos
1081 1369 1172 1440 siquis
1190 1371 1275 1422 inter·

322 1475 430 1535 roget,
468 1465 627 1518 laudabunt
653 1466 818 1518 mehercule
855 1464 934 1536 quod
970 1464 1079 1516 institui
1105 1461 1275 1516 noluissent.

259 1582 262 1588 ¹
323 1549 430 1629 Ipse'
422 1577 452 1611 ιιι
480 1558 612 1612 hostibus
640 1558 834 1629 depraehendi
864 1561 908 1624 (l)
939 1543 1072 1626 ambigua
1099 1555 1179 1623 signa
1218 1556 1275 1607 for-

316 1635 440 1704 midinis
469 1662 498 1704 et
530 1652 670 1722 stuporis.
723 1653 807 1704 Itac
793 1651 976 1726 conspicuam
1007 1649 1153 1702 moenium
1187 1647 1277 1719 digni·

323 1756 413 1799 tatem
439 1745 520 1798 vario
545 1745 829 1815 interpretanturc
802 1748 829 1811 (c
830 1745 843 1813 )
868 1743 1002 1796 adfectu·
1049 1751 1082 1796 ut
1112 1739 1204 1793 adhuc
1229 1739 1278 1794 aiu

323 1839 452 1892 iudicare
487 1855 546 1890 non
581 1837 716 1908 possint,
751 1847 850 1890 utrum
885 1853 949 1889 eam
974 1835 1075 1888 mirari
1104 1835 1194 1906 magis
1228 1835 1275 1888 de·

310 1918 416 1987 'beant
439 1951 475 1985 an
499 1935 606 1986 vereri.

377 2025 425 2077 IX.
455 2025 543 2089 itini,
591 2027 721 2096 Auguste
751 2025 948 2092 venerabilis,
986 2025 1110 2096 negotiis
1135 2025 1195 2078 tuis
1226 2042 1272 2078 au·

320 2119 391 2172 xilio
410 2118 501 2172 fuisse
522 2117 670 2176 Caelestis.
723 2119 826 2172 Facilis
846 2119 974 2172 adsertio
996 2129 1061 2183 est,
1095 2135 1158 2170 cum
1175 2117 1275 2169 Rheno

191 2247 192 2255 ι
286 2279 288 2282 v
320 2223 397 2266 teste
426 2211 564 2264 nitimur·
601 2211 650 2282 qui
675 2210 787 2281 alpinas
818 2211 890 2264 nivis
919 2211 1015 2264 defluo
1040 2211 1152 2284 liquore
1181 2227 1266 2264 sumu

320 2307 415 2372 latus,
452 2322 517 2358 eum
549 2305 631 2376 ripae
668 2305 819 2375 utriusque
854 2304 975 2360 confinia
1011 2316 1168 2374 cogeretur
1196 2321 1275 2358 exec-

264 2445 266 2448 ,
319 2401 403 2468 (lero,
438 2399 539 2456 maluit
581 2401 618 2453 ad
654 2400 783 2454 Victoris
819 2399 883 2452 iura
918 2401 1072 2454 transisse
1128 2411 1276 2454 aversatus

322 2505 366 2548 ost
402 2495 495 2548 solum
529 2495 710 2562 barbarum,
757 2504 905 2566 totumque
940 2494 1070 2564 Principi
1101 2511 1201 2584 agmen
1229 2511 1274 2546 ex·

321 2590 442 2660 posuit,
479 2607 561 2643 more
579 2590 764 2661 migrantium
788 2590 987 2666 perfugarum.
1042 2587 1107 2640 Nou
1131 2588 1186 2640 fuit
1205 2587 1274 2654 itte,

322 2685 347 2738 si
376 2685 492 2751 credis,
535 2686 704 2750 hostiles(
691 2686 738 2751 (d)
770 2699 931 2736 excursus.
978 2685 1057 2736 lento
1087 2700 1142 2755 per
1174 2694 1274 2754 aperta

320 2790 462 2851 processu
497 2779 578 2832 venit
610 2778 710 2831 similis
747 2779 931 2849 supplicanti.
983 2779 1170 2832 Deditionem
1205 2777 1275 2829 vidi·
1344 2773 1345 2782 ’

320 2889 384 2926 mus
409 2873 599 2936 fluentorum,
637 2871 694 2924 Nili
719 2871 921 2941 eruptionibus
941 2872 1132 2939 proximam,
1170 2871 1274 2944 quibus

246 3046 249 3050 ⁸
290 2957 293 2964 ⁴
322 2984 406 3020 arens
425 2967 560 3037 Canopus
586 2967 629 3031 (e)
650 2975 679 3017 et
697 2965 854 3054 Memfitica
878 2966 982 3036 glaeba
1008 2966 1182 3038 pinguescit.
1237 2966 1275 3018 Et

240 3061 241 3064 ’
321 3059 371 3110 ille
398 3060 442 3128 (a)
466 3068 499 3111 ut
524 3053 704 3128 obsequatur
729 3057 879 3143 egreditur
893 3077 902 3126 3
946 3059 1034 3113 cessit
1062 3059 1133 3112 alius
1153 3060 1198 3127 (3)
1219 3059 1277 3129 (s)

344 3275 382 3326 (α)
397 3272 429 3314 lta
442 3271 496 3312 Cod.
510 3285 551 3324 pro
565 3285 637 3326 reges.
658 3273 693 3326 (b)
712 3272 745 3314 lla
763 3272 818 3312 eoa.
839 3247 886 3312 cum
904 3274 1050 3328 diphthongo.
1080 3273 1113 3323 (c)
1128 3271 1183 3312 eod.
1202 3271 1276 3312 inter·

318 3354 468 3409 prestantur.
488 3347 525 3399 (d)
538 3346 571 3386 lta
585 3347 639 3386 Cod.
651 3360 692 3400 pro
711 3344 812 3386 hostilis.
828 3347 862 3398 (e)
877 3347 931 3388 Cod.
947 3350 1063 3400 Capenas.
1081 3342 1120 3398 (s)
1135 3343 1274 3392 Cohelius,

318 3437 395 3475 nempe
407 3436 448 3475 pro
466 3421 539 3462 aliud.
565 3423 619 3461 Mihi
633 3423 747 3464 videbatur
758 3422 897 3463 scribendum
911 3422 981 3462 alius.

280 3659 282 3663 Ι
370 3598 408 3656 (1)
426 3599 572 3646 Ammianus
590 3613 652 3645 xxix.
677 3595 702 3659 4
720 3599 778 3646 aits
814 3599 862 3656 „E
881 3596 1003 3660 speculis,
1027 3599 1104 3664 siquis
1120 3597 1230 3644 hostium
1249 3611 1277 3642 se
1344 3579 1345 3634 l

318 3725 335 3746 ,‚
344 3693 531 3747 commovisset,
549 3693 656 3754 desuper
672 3692 737 3739 visus
755 3692 941 3739 obruebatur“.

330 3805 333 3812 ·
350 3785 390 3842 (a)
406 3783 502 3846 Nempe
519 3783 628 3831 Rhenus.

350 3873 389 3936 (ὃ)
406 3877 502 3941 Nempe
519 3879 596 3943 Niger
612 3877 705 3926 fluvius.
759 3879 800 3928 stc
825 3890 910 3927 autem
938 3891 991 3927 rem
1016 3889 1101 3928 nanat
1125 3877 1277 3928 Ammianus

313 3979 396 4024 ιιιιιι.
415 3979 439 4020 a.
465 3970 563 4034 ..Gum
576 3981 706 4036 reputaret
722 3971 914 4022 Valentinianus
930 3973 1115 4022 munimentum
1135 3973 1231 4022 celsum
1251 3983 1281 4020 et
1344 3999 1345 4038 ι
