2730 4804
313 435 531 482 'serronem
559 434 734 478 avcvsrun
758 418 782 476 1·
897 499 898 504 ἵ
1033 390 1087 494 7⁴

97 566 199 670 gldbus
230 597 340 650 sororis
361 599 406 664 (a)
443 597 580 652 arderet:
615 616 668 654 nec
700 598 789 652 radiis
825 587 926 652 fratris
960 599 1050 652 obno-

96 691 141 746 xia
175 691 340 762 precarium
367 693 424 758 (b)
463 702 582 761 raperet
622 693 690 746 luna
736 692 889 764 fulgorem.
943 692 1050 746 Iisdem

96 785 247 838 curriculis
289 793 443 852 utrumque
483 785 561 838 sidua
601 796 789 858 emergeret,
837 786 901 856 pari
948 796 1049 839 exortu

8 885 12 892 '
96 871 171 934 diem
210 895 346 955 germana
383 889 565 945 renovaret,
605 897 659 950 per
696 879 812 932 easdem
836 880 920 942 ¹caeli
956 880 1048 933 linear

92 959 259 1026 laberetor':
277 1006 281 1018 ι
297 989 350 1024 nec
376 982 525 1034 menstruo
556 975 638 1043 pigra
669 974 802 1026 discursu
829 983 878 1026 aut
910 973 939 1026 in
966 969 1047 1026 eene·
1111 987 1117 995 ’

92 1067 201 1118 scendo
228 1069 269 1131 (c)
302 1065 396 1118 variae
425 1075 551 1118 mutaret
587 1065 699 1136 efligies
725 1068 788 1134 (d),
825 1067 946 1118 aut‘in‘
964 1085 1046 1119 rena-

90 1160 199 1212 scendo
223 1177 324 1230 parvas
355 1169 507 1230 pateretur
536 1169 655 1236 aetates.
702 1155 778 1212 Eece
807 1159 930 1212 formam
953 1161 1046 1216 ,bene-

92 1254 152 1306 ficii
182 1253 223 1305 tui
249 1263 334 1309 astra
369 1253 503 1306 nesciunt
535 1253 697 1306 aemulariz
736 1253 794 1308 illie
834 1253 905 1306 nihil
939 1263 983 1306 eat
1015 1254 1046 1308 in

91 1346 234 1398 mundana
263 1348 326 1400 luce
360 1346 530 1423 consimile,
573 1347 657 1402 vobis
694 1358 787 1402 totum
822 1357 867 1402 eet
908 1348 938 1400 in
971 1347 1044 1400 orbe

91 1457 251 1494 commune.
910 1505 915 1516 ³

160 1536 229 1588 VII.
257 1525 388 1586 Nondum
418 1534 516 1585 adulta
539 1552 637 1587 rerum
663 1551 677 1586 a
702 1545 731 1587 te
756 1546 902 1606 gestarum
919 1536 1044 1605 profano

88 1637 286 1680 monumento.
340 1627 399 1678 Iam
435 1627 506 1680 cedo
532 1627 665 1696 primitus
698 1627 800 1680 faciam
836 1628 915 1698 quod
943 1645 1045 1683 usuve-

89 1723 154 1774 nire
183 1719 267 1772 nohis
301 1720 330 1770 in
364 1719 478 1786 prolixo
505 1719 611 1774 itinere
637 1721 728 1785 colet,
757 1721 805 1774 ubi
840 1721 889 1796 qui
925 1722 960 1773 ad
996 1722 1044 1774 de·

87 1815 193 1868 stinata
219 1816 260 1885 (c)
299 1819 458 1884 properent
491 1831 550 1866 non
588 1832 689 1868 omnes
720 1815 821 1867 obirios
852 1816 1042 1868 consalutant.

88 1909 167 1979 Ergo
194 1908 222 1959 in
246 1907 321 1980 ⁸duas
358 1924 442 1959 curas
469 1905 573 1960 dividis
602 1908 682 1960 orbis
712 1909 871 1961 excubias:
906 1909 1044 1962 invictum

86 2008 220 2054 Fratrem
247 2002 395 2073 reliquens
421 2001 554 2065 Orienti,
590 2001 652 2072 ipae
678 2019 765 2072 supra
795 2003 920 2073 inpacati
949 2003 1045 2058 Rheni.

83 2097 296 2151 semibarbaras
344 2095 422 2165 ripas
460 2093 566 2164 raptim
600 2094 702 2146 vexilla
737 2099 795 2164 (l)
835 2097 1040 2162 constituens,

85 2202 117 2243 et
156 2189 317 2259 provincias
353 2189 422 2240 luxu
461 2187 646 2260 superiorum
682 2189 795 2242 deditae
831 2190 939 2243 veteris
965 2190 1042 2260 igna-

84 2284 150 2335 viae
180 2281 292 2352 pudore
323 2281 498 2346 defendens,
528 2281 669 2352 Princeps
696 2293 810 2334 creat-us
837 2283 873 2336 ad
894 2283 1044 2336 difficilem

84 2376 221 2430 militiam
251 2373 410 2428 revertisti.
457 2374 562 2426 Statim
583 2375 705 2455 itinera,
732 2375 828 2428 statim
852 2377 1040 2453 proeliator

5 2539 6 2544 Ἰ
86 2482 116 2524 et
148 2469 257 2539 primus
290 2467 320 2536 in
353 2469 444 2541 aciem
473 2455 667 2538 purpuratur,
700 2477 729 2519 ct
761 2469 867 2538 regalis
897 2471 961 2522 aula
987 2472 1040 2524 sub

84 2565 230 2636 pellibus,
272 2579 396 2639 ¹¹somnus
424 2559 478 2612 sub
515 2559 613 2626 caelo,
652 2569 738 2630 potus
769 2555 912 2625 efluvio‚
949 2562 1039 2616 tribu·

85 2659 134 2710 nal
167 2658 197 2708 in
224 2672 332 2726 campo.
389 2655 468 2706 Haec
494 2653 618 2724 imperio
644 2653 763 2728 quidem
784 2671 872 2718 nova,
909 2656 963 2709 sed
986 2656 1039 2712 tibi

85 2751 216 2820 cognitae
255 2749 387 2804 Docuisti
417 2747 506 2818 magis
536 2749 681 2801 fortunam
711 2748 820 2820 regiam
848 2749 920 2820 quid
945 2748 1040 2802 virum

85 2847 184 2898 facore
212 2842 405 2906 conveniret,
442 2857 528 2911 quam
563 2841 689 2896 didicisti
720 2843 755 2896 ab
784 2857 819 2898 ea
852 2843 922 2916 qnid
950 2844 1038 2915 impe·

84 2948 198 2990 ratores
227 2946 293 2988 ante
312 2935 457 2988 fecissent.
477 2974 480 2980 -

93 3089 106 3098 “
176 3088 204 3099 ““““
219 3089 224 3098 “
340 3067 345 3080 ι
820 3107 822 3114 t
840 3085 844 3104 ¹
928 3087 933 3098 ¹
953 3085 1047 3102 ''m-'¹¹¹'

135 3153 170 3203 (a)
185 3151 240 3192 Cod.
253 3165 356 3192 eor-orec.
384 3151 419 3204 (b)
435 3151 489 3193 God.
502 3146 662 3204 preeeart‘um.
687 3149 717 3188 Et
732 3149 819 3202 quidem
834 3154 921 3202 precor
936 3165 984 3192 eum
1000 3152 1037 3192 de·

81 3221 161 3260 rivalis
172 3219 410 3268 constanlcrsrriptum
417 3219 462 3257 vidi
469 3231 516 3258 eum
525 3219 664 3271 diphthongo
672 3218 694 3254 in
701 3217 857 3268 antiquissimis
863 3231 914 3258 mss.
940 3218 974 3266 (c)
982 3216 1036 3256 eod.

81 3288 118 3327 hic
129 3285 273 3324 renascendo
287 3291 308 3324 et
316 3298 365 3323 mox
376 3286 515 3328 renascendo
529 3297 584 3337 quae
594 3283 647 3322 mihi
659 3283 785 3324 invertenda
797 3285 844 3324 visa
857 3289 915 3322 sunt.
934 3282 972 3332 (d)
980 3281 1035 3322 eod.

81 3349 190 3406 etsegier.
216 3349 250 3402 (e)
261 3349 316 3390 (lod.
326 3348 451 3390 circinata.
476 3349 516 3404 (s)
532 3349 585 3390 (lod.
599 3347 708 3395 virtum,
722 3357 744 3390 at
755 3349 849 3389 inferius
858 3345 958 3388 vexilla

133 3557 172 3612 (t)
189 3551 368 3600 Valentiniano
393 3565 479 3614 nuper,
496 3551 527 3598 ad
553 3551 685 3614 imperium
710 3561 809 3605 erecto,
834 3547 966 3598 Alamanni
985 3549 1036 3596 hel·

80 3648 134 3696 lum
154 3647 259 3695 Gallicis
283 3649 453 3694 Romanorum
477 3646 608 3708 provinciis
633 3645 790 3698 intulerunt,
817 3645 884 3706 quod
905 3645 942 3690 sui
961 3644 1035 3708 legati

79 3742 170 3790 rilibue
195 3741 266 3788 donis
293 3740 373 3786 affecti
398 3739 518 3794 luissent,
543 3751 568 3787 et
591 3741 621 3788 ab
640 3739 742 3788 Uraacio
760 3733 900 3788 officiorum
917 3731 1034 3802 nlagirtro

80 3837 210 3901 superbius
227 3834 352 3901 appellati.
386 3819 442 3882 Ani.
462 3849 522 3882 xxti.
542 3825 566 3882 5.
