2730 4804
369 465 536 508 sauronam
564 463 735 506 svers'rvn
760 445 795 504 l·;
1030 462 1049 525 9

99 625 252 694 medicat,
296 637 325 684 et
364 627 488 678 molibus
524 626 655 678 Lucrinis
684 637 815 696 sumptus
852 625 966 678 laborat
999 625 1048 676 im-
1091 603 1095 607 .

98 722 175 792 perii
196 726 249 788 (ι).
293 722 428 773 Tiberius
454 721 482 772 iu
509 719 695 774 devorsoriis·
712 721 869 772 insularum
889 721 932 788 (a)
950 706 1049 770 natans

101 825 130 867 et
165 817 300 886 navigans
341 814 487 868 adoratur.
531 816 600 867 Pius
636 813 695 890 otia
731 813 878 877 Caietana
904 812 1050 882 persequi·

99 919 149 962 tur
175 909 231 976 (3).
281 911 312 960 ln
339 909 425 978 Lycio
446 913 489 976 (l
517 920 546 961 et
575 907 729 960 Academia
756 908 907 960 remissior
935 901 1050 958 Marcus

98 1001 216 1054 auditur
242 1003 297 1070 (4).
335 1002 401 1054 'tibi
430 1003 528 1054 nullae
554 1013 619 1054 sunt
647 1002 737 1054 feriae
764 1000 962 1070 proeliorum:
995 1017 1050 1051 ma-

97 1096 231 1166 ximeque
259 1097 313 1148 hoe
340 1096 369 1148 in
401 1095 501 1148 Galliis
532 1081 683 1175 delegisti,
711 1095 790 1166 quod
821 1095 865 1146 bie
894 1111 952 1146 non
983 1093 1052 1146 lieet

98 1189 197 1248 otiari.
253 1189 320 1242 Tibi
350 1190 431 1241 nulla
458 1188 615 1242 neeessitas
646 1189 769 1241 remittit
803 1187 937 1243 indutias.
997 1187 1051 1240 Lu-

98 1293 193 1335 strum
219 1283 411 1353 imperialium
449 1282 549 1336 eondis
580 1300 720 1336 annorum
750 1284 794 1350 (5)
831 1281 881 1334 ubi
912 1281 992 1334 eaelo
1023 1291 1052 1334 et

98 1376 186 1427 terris
228 1377 334 1430 horror
373 1378 499 1446 aequalis
536 1389 599 1438 est,
633 1378 686 1430 sub
723 1393 820 1429 crassa
854 1375 952 1440 nube,
992 1374 1051 1445 iugi

100 1471 234 1540 frigore,
266 1471 507 1534 feroei'hoste‚
547 1470 684 1522 latissima
707 1470 853 1522 vastitate.
918 1469 1053 1546 Quietem

100 1564 154 1616 tibi
185 1580 294 1632 negas,
331 1579 415 1630 quam
458 1563 562 1621 ceteris
592 1575 730 1632 praestas.
794 1566 874 1616 lnter
901 1573 946 1620 tot
975 1563 1055 1614 milia

14 1685 17 1692 ·
98 1658 265 1708 laurearum
299 1655 424 1706 noudum
461 1655 621 1726 digrederis
658 1651 693 1706 ad
722 1657 895 1708 triumiiim:
933 1667 961 1709 et
990 1673 1054 1708 eum

102 1749 142 1803 sis
174 1749 271 1800 maior·
302 1749 440 1818 Augustis
472 1748 606 1818 delegisti
639 1748 692 1800 tibi
724 1750 903 1820 provinciam
930 1749 965 1802 de
998 1767 1054 1820 qua

101 1845 241 1895 Caesares
262 1843 469 1912 querebantur.

169 1937 204 1986 Χ.
237 1937 274 1988 Et
305 1947 337 1988 tu
367 1935 484 2007 quidem
516 1935 644 1988 bellico
655 1937 783 1990 intentus
815 1937 906 2008 operi
946 1889 1053 1990 dudum

97 2031 204 2083 ferocis
225 2031 410 2082 Alamanniae
439 2040 520 2104 terga
537 2029 685 2106 vertebas
731 2029 791 2084 Sed
818 2042 898 2100 parte
919 2032 975 2084 alia
996 2031 1052 2086 fra·
1079 2035 1082 2044 '
1120 2045 1122 2049 ⁴

96 2125 173 2177 terni
213 2123 327 2193 imperii
368 2123 488 2176 liberam
529 2139 628 2194 paeem
666 2125 784 2178 rebellis
828 2127 900 2177 Exul
937 2126 1052 2194 inrupe-

98 2229 145 2270 rat
166 2219 219 2286 (ft).
264 2217 351 2293 Quod
379 2235 440 2268 eum
471 2217 506 2268 ad
532 2227 561 2269 te
586 2217 710 2286 primum
741 2220 872 2286 pernices
902 2219 995 2273 nuntii
1025 2229 1054 2271 et

42 2363 45 2372 ⁴
127 2363 163 2413 (a)
182 2361 214 2400 lta
229 2360 283 2399 (lod.
298 2334 339 2412 pro
352 2359 421 2410 &⁶⁶⁰
433 2361 498 2399 babet
509 2360 589 2411 Lyoie,
604 2360 637 2398 uti
647 2357 731 2398 Gellius
747 2373 778 2396 xx.
792 2360 811 2398 5.

133 2493 172 2550 (1)
191 2494 316 2552 Augustus
333 2487 427 2548 (inquit
446 2488 573 2532 Svetonius
593 2489 650 2550 Cap.
673 2481 723 2544 162)
747 2498 863 2548 „portum
883 2487 974 2534 lulium
990 2495 1054 2553 apud

100 2580 205 2634 „Baias‚
231 2557 342 2621 immisso
361 2573 386 2617 iu
405 2573 542 2618 Lucrinum
560 2583 585 2619 et
602 2578 726 2620 Avernum
746 2570 828 2632 lacum
847 2573 924 2626 mari,
949 2577 1056 2625 effecit.“
1092 2564 1094 2570 ¹

134 2668 172 2722 (a)
190 2664 285 2722 Nempe
304 2659 410 2720 Capreis.

134 2745 172 2808 (3)
196 2747 231 2794 Pii
256 2746 344 2790 rustice
341 2745 428 2790 tiones
455 2755 578 2813 memorat
603 2761 654 2790 non
680 2744 756 2792 semel
784 2746 963 2808 Capitolinus
956 2766 982 2795 m
1002 2753 1054 2798 eius
1130 2747 1132 2753 ’

98 2835 155 2880 vita
191 2834 260 2895 Quin
285 2843 309 2876 et
332 2833 398 2878 inter
422 2831 474 2877 eius
501 2847 574 2893 opera
601 2831 700 2878 Caietae
714 2843 822 2922 portum
841 2847 993 2899 recensetp
1014 2831 1053 2884 28.

99 2923 130 2966 D.
150 2919 214 2965 Edit.
233 2919 307 2966 Paris
329 2913 401 2966 1603
853 2967 856 2976 Ι

135 3003 174 3068 (4)
199 3005 327 3068 Singulare
351 3005 385 3051 Μ
413 3003 508 3051 Aurelii
535 3003 725 3092 philosophandi
752 3006 866 3052 studium
893 3008 975 3054 notius
1003 3021 1054 3066 est,

100 3109 175 3154 quam
195 3102 223 3138 ut
241 3092 397 3138 documentis
415 3091 531 3152 indigeat

135 3174 173 3238 (5)
199 3180 236 3224 De
263 3179 343 3240 primo
370 3177 447 3223 lustro
476 3193 517 3224 seu
538 3177 766 3240 quinquennalibus
783 3178 953 3230 Valentiniani
971 3183 1053 3230 recole

101 3269 288 3325 Argumentum.

133 3347 172 3408 (6)
188 3349 325 3410 Procopius
344 3347 420 3402 Cilix,
437 3349 553 3395 Iuliani
548 3351 703 3416 imperatoris
721 3353 890 3414 propinquus,
909 3362 964 3414 post
980 3351 1073 3402 buius¹

99 3437 148 3484 lata
167 3437 276 3498 primum
297 3435 428 3480 aloriano
446 3435 543 3495 copiam
561 3436 700 3497 impetravit
717 3439 748 3483 ad
767 3454 823 3510 suos
840 3436 902 3482 lares
916 3439 1053 3490 secedendi.

98 3525 155 3571 Mox
182 3536 196 3569 a
221 3520 399 3569 Valentiniano
425 3530 450 3565 et
466 3519 572 3566 Valente
590 3505 782 3584 imperatoribus
797 3505 947 3584 exagitatus,
976 3543 1054 3590 usque

99 3611 126 3654 in
144 3610 274 3655 Tauricam
294 3607 474 3652 Chersonesum
492 3606 548 3652 exul
565 3609 673 3672 profugit
690 3610 789 3660 (Zosim.
809 3612 860 3666 w..)
899 3612 961 3658 Tum
980 3625 1005 3661 et
1022 3616 1053 3662 de
1104 3632 1108 3644 ·

100 3695 147 3740 lide
165 3695 305 3742 incolarum
323 3695 376 3739 eius
394 3693 443 3739 loci
461 3695 617 3750 addubitans,
636 3694 877 3758 Constantinopolim
896 3697 960 3747 clam
977 3702 1053 3760 venit,

100 3783 143 3827 ubi
170 3781 307 3828 rebellione
336 3779 441 3827 conflata
467 3781 643 3842 imperatorem
672 3799 697 3828 se
722 3782 784 3839 dixit
809 3799 875 3829 anno
894 3784 937 3832 Cb.
956 3801 1051 3836 eeetxv.

89 3857 146 3914 'Sed
166 3884 230 3914 anno
248 3878 366 3930 sequente
384 3885 397 3913 a
416 3868 522 3914 Valente
540 3885 668 3932 oppressus
687 3885 778 3932 poenas
796 3870 896 3918 sceleris
914 3870 967 3920 luit
