2734 4792
329 433 371 498 44
727 423 889 484 onsr'ro

327 606 494 678 Principem
525 609 568 676 (ι)
614 607 770 678 pertulisse
805 607 903 659 hostes
940 603 1158 658 existimationis
1195 623 1274 661 suae
1289 647 1302 672 ,
1349 630 1350 674 l

297 731 299 738 ·
330 718 416 774 quam
441 719 495 755 nos
519 701 629 756 salutis.
684 702 781 754 Iamne
809 709 922 752 constat
950 697 1097 752 fortunam
1125 690 1302 760 nobilitatis

328 795 492 868 consentire
528 781 732 866 temporibus?
777 794 886 849 Eadem
922 793 1038 846 iustitia
1068 794 1203 864 purgavit
1239 795 1299 848 im·
1347 833 1350 890 1

327 889 464 982 perium,
496 906 569 960 quac
600 900 740 944 senatum.
923 929 926 940 .

380 970 449 1036 V1'.1
476 983 664 1038 Gratulamur
687 985 765 1051 tibi,
803 983 920 1038 Iubenis
938 982 983 1054 (a)
1010 981 1169 1054 Auguste,
1203 983 1295 1054 quod
1350 980 1351 1052 1

327 1077 444 1147 paterni
480 1096 629 1132 successor
665 1077 759 1132 factus
795 1077 931 1148 imperii,
976 1085 1088 1130 tantum
1119 1077 1209 1130 malos
1246 1078 1298 1130 iu·

319 1171 409 1244 'dices
446 1175 529 1243 quasi
562 1173 733 1228 hereditatis
768 1189 858 1226 onera
891 1169 1089 1243 repudiasti.
1117 1171 1181 1224 Non
1215 1171 1294 1224 satis

329 1265 385 1320 tibi
427 1266 533 1320 idonea
576 1270 652 1322 bona
694 1267 744 1320 ilia
778 1265 840 1320 visa
875 1275 942 1320 sunt
978 1281 1042 1318 cum
1076 1264 1217 1319 ministris
1253 1282 1293 1318 ac

240 1425 244 1441 .
328 1361 424 1434 primo
470 1362 623 1416 consilium
663 1373 744 1416 tuum
788 1361 968 1426 deliberairc
1016 1357 1161 1426 adsidue,
1216 1360 1292 1429 vel)
1351 1328 1352 1438 1

331 1453 400 1507 ᾶιιιιι
430 1457 571 1526 experiris
600 1475 636 1542 en
665 1456 782 1528 inprobi
807 1465 894 1528 atque
924 1453 1036 1508 externi
1062 1470 1158 1506 mores
1190 1470 1293 1508 exem·
1351 1451 1352 1454 ’

281 1596 285 1606 ,
329 1550 382 1622 plo
411 1551 523 1604 saeculi
548 1550 756 1606 vincerentur·
796 1551 842 1604 vel
870 1548 950 1619 quod
987 1547 1097 1618 optimo
1124 1546 1184 1600 filio
1216 1565 1292 1602 con·

329 1644 495 1716 praehet
522 1643 589 1696 dum
613 1643 709 1715 palam
734 1643 831 1696 facere
851 1641 970 1706 studes,
1003 1640 1165 1711 praeterita
1182 1641 1293 1696 delicta

330 1746 511 1808 potestatum
538 1736 652 1804 fuisse,
687 1753 747 1790 non
770 1746 943 1805 temporum.
991 1734 1111 1788 Sciebas
1137 1736 1213 1788 enirn
1230 1754 1295 1808 quo

330 1811 480 1900 spectaret
520 1831 650 1906 invidia,
697 1830 744 1884 cui
780 1824 922 1908 familiare
961 1839 1005 1882 est
1046 1829 1181 1883 maximas
1220 1831 1294 1886 insi·

332 1925 446 1978 anulare
481 1925 624 1978 fortunas.
678 1925 776 2004 Atque
812 1924 879 1977 ideo
914 1924 1064 1997 paulisper
1099 1925 1294 1997 inpotentiam

333 2007 436 2088 passus
480 2034 511 2070 es
554 2020 621 2088 (a),
676 2029 710 2072 ut
744 2018 901 2092 liqueret,
948 2036 998 2072 eos
1032 2020 1294 2090 publici'doloris
1353 2026 1354 2092 1

259 2163 264 2166 .
323 2119 470 2180 ¹auctores
515 2111 623 2180 dudum
665 2112 777 2180 fuisse,
831 2112 881 2184 qui
928 2113 1016 2166 etiam
1060 2125 1121 2168 tum
1166 2114 1294 2170 nocendi

335 2213 430 2257 artem
457 2202 618 2271 colebant,
656 2222 720 2259 cum
744 2207 801 2259 iam
830 2217 973 2260 noverant
1001 2225 1058 2261 non
1089 2210 1212 2272 licere,

366 2358 403 2410 (a)
417 2355 486 2412 Saepe
499 2357 521 2398 in
532 2359 628 2412 antiquis
639 2371 690 2400 mss.
704 2361 800 2400 occurrit
814 2359 827 2400 b
838 2373 879 2413 pro
897 2373 918 2407 v,
931 2367 952 2400 et
962 2363 1009 2402 vice
1021 2375 1092 2404 versa.

369 2501 409 2559 (r)
426 2499 497 2550 Dicit
520 2499 727 2548 Valentinianum
756 2501 798 2562 qui
816 2517 830 2548 e
848 2503 901 2550 vita
919 2513 1056 2550 excesserat
1072 2517 1154 2557 anno,
1184 2513 1213 2550 ut
1231 2505 1296 2556 dixi.

335 2581 411 2631 mne,
447 2576 491 2624 Ch.
519 2593 630 2624 ccccxxv.
675 2579 779 2639 Iamque
804 2579 894 2641 incipit
911 2579 1004 2626 Orator
1022 2581 1052 2626 de
1069 2579 1205 2628 Maximino
1222 2580 1293 2644 loqui

338 2655 381 2720 qni
407 2655 452 2701 sub
477 2655 656 2702 Valentiniano
674 2654 877 2721 praefectuswfuit
894 2671 1008 2702 annonae
1026 2657 1053 2716 in
1071 2658 1154 2712 urbe,
1184 2659 1294 2706 etdein·

337 2742 396 2794 ceps
413 2731 545 2794 praetorio.
591 2730 722 2778 Maximini
740 2730 873 2793 dignitates
891 2732 1026 2778 et'scelera
1044 2731 1128 2780 nar'rat
1145 2735 1295 2783 Ammianus

336 2811 421 2857 ¹xv1n.
441 2825 457 2855 r.
475 2819 500 2855 et
518 2823 579 2856 xxtx.
598 2804 621 2857 3.
668 2809 772 2855 Constat
789 2819 873 2856 autem
890 2810 965 2859 etiam
983 2811 1189 2860 Valentinianum
1207 2814 1296 2860 incita.

324 2895 393 2951 'tum
412 2903 426 2932 a
443 2885 580 2934 Maximine
598 2886 673 2932 luisse
690 2887 720 2932 ad
739 2886 878 2934 inauditam
897 2887 1082 2934 crudelitatem:
1110 2891 1216 2951 ideoque
1234 2893 1295 2938 dici·

337 2963 381 3012 tnr
397 2965 455 3012 heic
472 2981 487 3011 a
511 2953 660 3026 Symmacho
685 2964 835 3012 Maximinus
853 2965 970 3012 inimicus
990 2967 1163 3014 existimationi
1183 2967 1295 3016 Valenti-

338 3044 417 3090 niani.
452 3045 484 3089 Et
509 3043 609 3104 quidem
634 3042 687 3104 ipse
714 3039 906 3089 Valentinianus
924 3053 1025 3106 questus
1043 3055 1080 3090 est
1099 3061 1123 3090 se
1140 3043 1296 3096 calumniam

338 3117 437 3183 perpeti
455 3117 608 3164 crudelitatis
626 3120 725 3176 (Amm.
743 3133 829 3166 xxvrxr.
849 3123 890 3178 n).
925 3119 1002 3166 Plane
1020 3135 1049 3166 ex
1075 3121 1206 3168 Ammiano
1224 3130 1296 3186 patet

338 3199 462 3266 plurimos
481 3195 577 3243 nobiles
595 3197 688 3244 artibus
707 3207 732 3243 ct
749 3199 848 3244 saevitia
865 3197 996 3246 Maximini
1015 3217 1067 3246 esse
1084 3203 1204 3263 perditos:
1231 3219 1296 3266 quos

338 3274 408 3329 inter
432 3279 483 3324 iam
512 3287 609 3322 constat
634 3278 710 3324 etiam
728 3277 841 3326 Oratoris
859 3277 936 3322 nostri
955 3289 1051 3340 patrem
1070 3281 1135 3342 gravi
1154 3279 1296 3328 calamitate

339 3356 490 3424 perculsum.
532 3355 620 3416 Neque
648 3371 705 3402 vero
733 3355 824 3402 mirum
849 3363 892 3401 est'
910 3354 940 3399 de
958 3355 1005 3404 lroc
1023 3355 1096 3402 silere
1114 3358 1296 3414 Ammianum,

340 3438 384 3507 qui
402 3437 458 3484 loco
477 3425 557 3498 nuper
585 3435 661 3482 citato
678 3435 771 3492 fatetur
789 3448 814 3480 se
832 3433 947 3480 consulto
964 3433 1055 3482 multas
1073 3435 1195 3482 eiusmodi
1213 3436 1300 3482 dirita-

338 3523 376 3562 tee
397 3513 541 3578 praeterire.

392 3593 469 3639 Porro
496 3589 690 3637 Valentinianus
713 3588 808 3635 dicitur
834 3589 865 3634 ab
894 3588 1000 3634 Oratore
1021 3587 1127 3644 Divus,
1161 3589 1219 3650 quin
1239 3605 1299 3638 enm

342 3668 478 3734 Gratianus
496 3677 676 3727 postmortem
700 3667 739 3722 (ut
757 3665 792 3712 ait
808 3665 932 3712 Ausonius
950 3667 977 3714 in
998 3663 1157 3719 Gratiarum
1176 3665 1304 3728 Aetione)

339 3744 430 3794 divinis
446 3743 583 3792 honoribus
600 3753 795 3793 consecraverat.
852 3743 854 3752 ’

376 3824 415 3881 (a)
431 3820 581 3869 Maximinus
603 3823 698 3886 (inquit
721 3821 868 3871 Ammianus
884 3819 967 3869 xxint.
986 3837 1002 3867 ι.
1020 3822 1047 3868 in
1065 3821 1124 3881 fine)
1141 3821 1186 3867 sub
1205 3819 1306 3869 Gratia.

343 3913 378 3948 nc
395 3895 560 3946 intoleranter
577 3914 603 3945 ee
620 3901 737 3955 efferens,
755 3897 912 3946 damnatorio
929 3899 1055 3964 iugulatus
1073 3905 1111 3946 eet
1128 3894 1199 3946 istro.
