2730 4804
259 560 263 563 ,
314 491 332 550 b
465 563 468 570 s
538 510 660 552 niveas
685 511 719 548 rr
744 509 1042 578 transmissarum

314 673 496 744 complexus,
533 691 569 726 ne
602 683 650 726 aut
686 673 715 724 in
744 691 803 725 uno
837 691 903 744 spes
940 672 1192 744 staretimpcrii,
1215 686 1274 732 ,aut

314 767 344 818 in
373 767 485 818 duobus
505 777 582 820 essct
601 783 685 818 eausa
704 766 833 818 certandi
856 771 868 833 l
889 771 911 834 ).

384 861 435 913 lv.
463 861 654 921 Hucaccedit
673 863 833 930 quodcum
852 861 908 912 duo
928 860 1034 913 sintin
1054 861 1178 932 imperio
1205 877 1270 932 gra·

280 1004 285 1013 ,
316 955 368 1008 dus
396 959 467 1022 (a),
513 953 581 1006 ilico
615 953 644 1006 in
687 954 861 1006 Germanum
893 965 922 1006 et
950 953 1065 1024 pariter
1100 955 1270 1023 contulisti,

316 1049 395 1120 quod
425 1031 547 1101 noveras
581 1049 626 1102 bis
650 1064 736 1117 posse
762 1048 915 1120 praestari.
971 1045 1060 1100 Adeo·
1078 1053 1118 1101 ‘ne
1148 1049 1272 1118 gratiam

316 1143 433 1212 quidem
472 1153 586 1214 captas,
623 1153 655 1195 ut
683 1160 698 1193 a
730 1141 868 1210 perfectis
899 1141 1048 1194 benefieiis
1081 1131 1196 1210 semper
1229 1143 1271 1194 in·

316 1235 416 1305 cipias.
456 1235 559 1306 Exigui
591 1237 677 1288 animi
708 1235 785 1288 vices
817 1229 976 1288 munerum*
997 1235 1184 1306 partiuntur,
1220 1246 1272 1288 tua

316 1330 476 1383 liberalitas
522 1330 674 1382 desideriis
709 1329 780 1404 nibil
816 1328 963 1399 reliquit:
1017 1329 1196 1400 inanimaque
1239 1329 1271 1382 in

309 1425 528 1492 ¹Imperatorem
566 1423 699 1495 faciendo
735 1421 961 1494 magnitudinem
998 1423 1095 1492 regiae
1126 1423 1272 1494 largitatis

317 1517 406 1569 minui
437 1516 593 1570 crededisti
632 1519 701 1586 (a),
744 1518 768 1568 si
801 1533 866 1572 cum
894 1517 1042 1590 insperata
1072 1515 1273 1582 concederes,

318 1610 410 1662 adhue
429 1611 571 1680 speranda
591 1609 724 1663 differres
740 1612 811 1678 (bb.
834 1611 912 1681 Ergo
939 1610 1099 1681 Augustum
1123 1608 1186 1678 pari
1204 1609 1271 1662 iure

317 1707 479 1757 confirmas.
518 1705 632 1758 Curasti
651 1723 686 1757 ne
710 1721 844 1776 umquam
868 1703 921 1756 tibi
940 1714 1091 1773 suspectus
1110 1712 1204 1769 esset,
1223 1701 1272 1756 cui

318 1777 375 1854 nori
404 1799 548 1868 reliquisti
569 1799 654 1870 'quod
680 1800 756 1852 ultra
786 1808 888 1868 optare
919 1796 1051 1871 deberet.

386 1892 423 1943 V.
454 1892 533 1946 Hine
554 1893 687 1964 plerique
713 1891 896 1963 principum,
926 1909 1000 1962 quos
1027 1889 1167 1944 secundos
1191 1892 1272 1942 erea-

319 1996 449 2049 verant‚
484 1985 565 2056 quasi
608 1971 735 2040 aemulos
770 2003 835 2039 mox
873 1985 1023 2038 timebant.
1069 1986 1161 2054 Urget
1196 1983 1273 2038 enim

317 2079 500 2149 potissimum
549 2080 711 2148 expectatio
757 2081 983 2151 proximorum:
1030 2094 1201 2148 semperque
1236 2076 1273 2128 si·

319 2172 393 2224 milis
426 2172 563 2225 invidenti
594 2184 649 2236 est,
680 2174 725 2226 eui
753 2185 888 2245 superest
918 2173 995 2246 quod
1025 2172 1166 2242 requirat.
1203 2169 1270 2222 'Nee

318 2265 394 2318 istud
421 2265 539 2318 nimium
557 2267 684 2338 gratiosa
703 2279 751 2320 aut
778 2268 910 2338 populari
948 2266 1133 2319 festinatione
1154 2263 1270 2318 fecisti:

319 2359 484 2412 iamdudum
521 2371 623 2413 cuncta
655 2365 789 2432 expertus
809 2362 974 2429 *ianratre
1001 2377 1074 2431 quae
1100 2358 1149 2411 diu
1175 2357 1272 2428 explo-

291 2464 421 2518 ·rantur
446 2453 474 2504 in
499 2453 663 2507 Caesarem.
693 2455 901 2510 ‚Dubitaretur
926 2456 962 2507 de
990 2452 1096 2506 iudicio
1121 2463 1188 2517 tuo,
1215 2451 1272 2503 nisi

320 2547 356 2599 ab
383 2547 533 2600 inmodicis
562 2549 735 2602 inchoasses.
791 2548 901 2601 Statim·
925 2546 1122 2617 perspeximus
1155 2545 1272 2616 qualem

320 2640 486 2713 Principem
521 2642 662 2710 legeres,
700 2651 852 2712 postquam
890 2641 1076 2712 cognovimus
1112 2639 1191 2710 quod
1230 2639 1271 2690 ni-

319 2733 358 2820 hil
376 2735 428 2786 tibi
445 2735 529 2810 quasi
547 2734 687 2787 sellicitus
705 2734 883 2788 reservares.

390 2827 443 2880 VI.
472 2827 560 2898 Siqua
586 2828 663 2880 inter
682 2840 816 2899 cognatas
837 2828 980 2882 Caelitum
998 2839 1159 2898 potestates
1179 2827 1271 2880 liuius·

322 2921 400 2975 modi
443 2931 520 2976 esset
559 2919 719 2996 aequatio,
757 2923 877 2998 paribus
912 2940 976 2976 cum
1013 2923 1076 2974 sole
1116 2908 1270 2974 luminibus

320 3089 1279 3112 *mm——a———h———nn—

373 3191 409 3242 (α)
424 3189 457 3231 lta
469 3190 523 3230 God.
541 3190 676 3235 crededirat.
703 3189 738 3244 (b)
753 3191 807 3231 cod.
821 3189 924 3244 differis.

370 3445 408 3502 (t)
433 3444 518 3503 Quum
544 3443 736 3490 Valentinianus
764 3445 905 3508 adigeretur
928 3447 959 3493 ab
984 3447 1092 3494 exercitu
1119 3445 1149 3492 ad
1176 3445 1271 3494 socium

320 3538 419 3600 imperii
438 3537 612 3602 deligendum,
637 3538 781 3586 deliberavit
805 3557 866 3587 num
885 3551 1027 3588 extraneum
1046 3557 1081 3588 an
1097 3517 1208 3593 Fratrem
1226 3541 1273 3584 Va·

321 3631 414 3678 lentem
432 3632 477 3678 sibi
496 3633 601 3678 sociaret
625 3633 691 3688 (Am.
709 3647 770 3678 xxvt.
788 3642 811 3679 a.
832 3643 857 3680 et
873 3637 915 3694 4.).
940 3635 1050 3689 Fratrem
1070 3644 1154 3680 autem
1171 3647 1272 3696 praeop-

321 3726 394 3772 t'avit:
420 3727 455 3772 sic
479 3727 546 3772 enim
571 3740 618 3772 nec
642 3725 670 3772 in
689 3740 745 3786 ¹uno
764 3741 818 3794 spes
837 3737 913 3776 staret
928 3729 1044 3794 imperii,
1066 3743 1113 3778 nec
1131 3729 1158 3776 in
1176 3727 1273 3774 duobus

321 3831 385 3868 esset
403 3836 477 3866 eausa
496 3820 614 3866 certandi.

373 3918 412 3975 (a)
428 3917 526 3977 Nempe
543 3913 653 3962 Caesaris
672 3924 698 3962 et
714 3915 826 3980 Augusti.
