2730 4804
308 569 330 610 Χ
559 571 563 586 “
686 566 895 609 heltonis

308 730 484 816 egreditur.
544 731 651 792 Paene
678 721 799 792 ‘autem
841 729 1033 818 incredibile
1077 745 1127 792 est
1169 755 1265 818 quam

306 841 412 923 tropis
461 837 577 900 creber
634 837 675 900 sit
723 851 756 899 et
811 837 981 899 distinctus
1033 838 1264 919 Symmachus:

307 947 595 1022 exclamationem,
626 973 628 980 ·
653 933 909 1028 afllstrophem,
981 951 1265 1031 contrapositum,

306 1054 556 1140 prosopopeiam
585 1053 746 1136 aptissime
775 1066 920 1134 usurpat.
984 1054 1048 1114 Sed
1079 1057 1112 1116 in
1143 1077 1181 1119 eo
1206 1081 1265 1120 no-

306 1163 420 1225 bilium
471 1163 704 1223 sententiarum
755 1173 942 1223 ornamenta
993 1163 1112 1224 maiora
1163 1178 1260 1226 sunt:
1351 1235 1352 1242 ἵ

305 1284 343 1332 ut
372 1270 411 1332 de
440 1269 629 1350 Symmacho
664 1268 745 1329 illud
777 1269 850 1330 iure
883 1269 1120 1362 pronuntiem,
1157 1262 1262 1358 'quam

306 1377 431 1443 multa!
468 1403 565 1462 quum
593 1378 727 1458 ysaucis!
769 1379 846 1436 Tam
878 1381 993 1438 'acutae
1025 1379 1148 1441 scilicet
1191 1394 1266 1442 suut

306 1486 377 1550 eius
400 1485 595 1560 sententiae,
636 1496 699 1561 tam
724 1484 863 1560 densae,
902 1497 965 1545 tam
987 1505 1117 1569 graves,
1154 1499 1187 1548 et
1210 1488 1264 1550 vel

305 1591 494 1655 inventione
533 1591 674 1675 primae,
718 1593 770 1655 vel
809 1613 927 1678 genere
963 1593 1034 1676 ipso
1072 1581 1283 1679 singulares.'

305 1700 342 1762 In
393 1691 629 1784 augustalibus
665 1699 764 1784 igitur
825 1701 1027 1762 orationibus
1078 1703 1264 1788 eloquentiis
1352 1697 1353 1702 ’

303 1809 408 1872 utitur
437 1807 654 1888 Symmachus
691 1827 889 1892 panegyreos
921 1821 953 1869 et
983 1831 1121 1894 pompae
1152 1822 1185 1871 et
1214 1810 1263 1871 iu·

246 1927 249 1935 '
304 1917 387 2002 signi
428 1915 567 1999 quodam
610 1928 730 1994 ornatu
754 1917 859 2010 ‘quasi
894 1937 1100 2000 gemmarum.
1164 1915 1262 2010 Quod

304 2045 337 2086 se
367 2023 516 2086 ,studiose
553 2035 584 2083 et
620 2023 691 2083 data
732 2045 830 2106 opera
867 2021 974 2086 facere
1011 2025 1081 2108 ipse
1100 2026 1261 2106 §muma-

303 2132 383 2194 chus
412 2131 504 2192 testis
532 2143 580 2192 est
615 2131 649 2190 in
680 2131 813 2216 quadam
849 2125 994 2216 Epistola
1016 2138 1085 2209 (¹),
1126 2134 1160 2192 in
1188 2149 1261 2217 ‘qua

270 2261 403 2353 Nquum
437 2237 595 2298 dixisset:
637 2257 673 2302 ut
701 2246 843 2308 Domini
870 2249 975 2305 nostri
1037 2247 1162 2305 rationi
1180 2235 1262 2326 for-

287 2351 428 2459 gtissima
455 2350 549 2409 simul
582 2370 621 2408 ac
646 2345 846 2435 felicissima
878 2375 973 2413 maizu
994 2356 1148 2413 nzltantia
1166 2355 1260 2432 reip.
1354 2431 1355 2440 ἵ

278 2444 448 2540 χ’ροηιίενιι
465 2450 683 2542 [υἰιίαηιιιν,·
720 2455 799 2518 haec
837 2457 947 2519 addit:
986 2463 1111 2522 Videor
1139 2482 1178 2521 ne
1200 2460 1265 2521 tibi

300 2558 604 2662 noevnyopmc'mpov
634 2573 789 2634 Iocutus?
817 2577 865 2636 sic
890 2595 924 2636 se
948 2569 1048 2637 dubet
1075 2578 1187 2649 ratio,
1226 2587 1264 2636 ut
1354 2631 1355 2642 ,

300 2713 352 2753 res
376 2693 535 2751 maximoe
562 2707 695 2765 magnos
726 2686 835 2747 hiatus
857 2692 923 2747 oris
942 2693 1120 2771 requirunt.
1168 2687 1260 2746 Cete-

240 2827 241 2832 1
301 2817 374 2856 rum
411 2795 446 2855 in
484 2793 554 2854 aliis
597 2790 792 2873 argumentis
835 2791 878 2852 ita
921 2793 1051 2878 ingenio
1097 2785 1260 2854 exsultan-

300 2903 429 2987 tiaeque
459 2897 588 2960 dicendi
616 2897 802 2959 moderatur
832 2899 1057 2980 Symmachus,
1090 2890 1133 2962 ut*
1149 2921 1259 2962 rerum

258 3045 268 3064 ι
300 3023 334 3072 et
375 3027 588 3091 personarum
631 3004 803 3090 dignitates
844 3006 965 3068 ferunt
1050 3011 1130 3070 Cum
1173 3009 1260 3069 enim

232 3104 247 3188 ¹,
298 3117 461 3182 leviorum
504 3115 709 3200 negotiorum
752 3116 968 3178 oratiunculas
1011 3117 1151 3191 scribit,
1224 3136 1260 3176 se

301 3226 371 3309 ipse
403 3223 552 3285 consulto
582 3223 620 3282 ad
636 3213 803 3285 humilem
832 3223 998 3306 quemdam
1038 3237 1069 3284 et
1099 3223 1259 3284 minutum

300 3333 410 3396 stilum
432 3327 580 3392 demittit.
634 3331 779 3414 Ex·quo
802 3328 897 3391 facile
926 3333 1097 3408 coniicias,
1131 3331 1259 3414 siquan-

300 3439 344 3502 do
386 3437 537 3501 audacius
581 3437 843 3519 Symmachianae
885 3440 1090 3524 eloquentiae
1133 3437 1259 3500 llamma

300 3547 460 3630 erumpit,
501 3543 535 3607 id
573 3565 678 3629 neque
718 3545 835 3609 vitiosa
871 3547 1024 3625 licentia,
1067 3567 1172 3632 neque
1211 3547 1260 3606 in·

200 3629 206 3640 .
300 3677 378 3718 sano
418 3652 549 3717 fervore
590 3650 687 3714 fieri:
733 3653 993 3738 quandoquidem
1032 3677 1099 3717 non
1136 3655 1258 3736 impru-

213 3801 218 3814 ·
300 3760 415 3824 denter
448 3761 553 3822 utitur
587 3759 793 3840 Symmachus
824 3761 887 3823 boc
919 3779 1039 3848 'genere
1069 3761 1198 3824 sublimi
1227 3775 1261 3824 et

301 3885 432 3944 ornato,
458 3887 563 3951 neque
586 3865 620 3928 in
643 3867 792 3930 omnibus
814 3870 928 3932 causis.

317 4009 444 4074 v(1)12ib.
464 4010 503 4055 nl.
522 4003 563 4070 47.
