2730 4804
318 427 366 484 'to
410 481 412 485 ,
556 440 681 486 navens
710 443 743 482 m
772 433 1045 486 vannurm‘raunn

320 604 423 658 'fideles
458 605 573 658 litterae
600 604 802 676 pertulerunt,
833 605 896 676 quis
928 621 987 657 non
1014 619 1174 674 congruum
1203 601 1272 662 iudi-
1337 583 1338 594 ἵ

323 701 398 752 eavit
433 709 465 752 ut
497 717 514 750 a
549 699 636 754 caede
666 699 819 752 barbarica
863 699 893 754 in
926 697 1038 752 facinus
1071 697 1156 750 civile
1196 715 1273 751 arma
1337 691 1338 720 ³

323 792 504 864 torqueres?
576 795 577 810 ¹

390 887 440 937 xl.
468 891 507 938 at
532 893 565 939 tu
587 886 661 956 reip).
681 887 746 956 plus
769 885 909 938 timebas:
936 895 966 938 et
989 885 1068 938 inter
1086 886 1156 939 duab
1175 881 1272 940 eausa·

259 1037 262 1051 ,
320 981 386 1036 hinc
413 979 575 1032 intestinam
603 978 647 1048 (a)
676 980 743 1034 lude
781 980 961 1045 finitimams
985 981 1114 1033 malebas
1146 980 1272 1051 potentia

286 1119 290 1124 .
320 1083 372 1128 tua
404 1075 521 1126 interim
556 1071 614 1126 frui
654 1074 820 1140 aemulum,
863 1089 947 1144 quam
988 1071 1081 1144 longa
1111 1074 1269 1146 inpunitate

320 1169 453 1221 vicinum.
515 1169 573 1220 Nae
613 1167 654 1222 ita
687 1179 773 1237 turpe
805 1167 910 1220 duxisti
942 1167 1041 1238 plures
1079 1179 1173 1222 tecum
1210 1184 1269 1220 esse

319 1262 466 1332 principes
486 1299 498 1334 ,Ι
529 1278 615 1332 quam
652 1271 745 1316 terras
781 1261 895 1329 imperii
929 1261 1090 1314 breviores.
1152 1263 1271 1314 Frustra

320 1365 389 1408 tne
436 1355 488 1406 tibi
523 1353 685 1422 perduellis*
723 1365 818 1407 motus
860 1356 972 1425 optavit
1005 1355 1190 1420 Alamannia,
1227 1355 1271 1410 cui

319 1372 432 1612 §itum
471 1447 605 1500 miseriae
646 1447 753 1500 invexit
802 1449 952 1501 conflictus
994 1458 1089 1512 tuus,
1133 1459 1272 1520 quantum

359 1541 440 1593 neliis
477 1541 640 1594 debebatur
675 1542 821 1595 ambobus.
872 1537 1007 1595 Prob'aati
1044 1541 1166 1594 animum
1207 1559 1271 1594 con-

320 1635 488 1688 stantissimi
529 1635 610 1688 discis
630 1636 674 1704 (b)
721 1637 813 1689 minus
866 1637 920 1689 tibi
969 1635 1146 1694 consulendo
1187 1652 1271 1706 quam

319 1729 437 1782 ceteris.
486 1729 591 1782 Tutior
609 1739 678 1800 aput
702 1736 733 1782 te
758 1729 812 1782 fuit
837 1739 921 1793 tuus,
948 1745 1033 1798 quam
1059 1740 1159 1782 noster
1181 1729 1270 1780 inimi-

319 1840 369 1875 eus
396 1825 448 1892 (c).
503 1823 568 1876 Non
604 1841 661 1876 uno
700 1821 789 1893 igitur
816 1823 957 1876 benelirio
993 1821 1102 1875 Gallias
1136 1822 1270 1900 obligasti

291 1916 424 1987 Nquibus
459 1913 570 1986 pariter
606 1933 623 1969 a
659 1926 688 1968 te
715 1927 870 1988 utrumque
908 1916 1034 1969 delatum
1070 1927 1131 1983 est,
1166 1927 1194 1970 et
1227 1916 1269 1969 sui

316 2009 440 2080 periculi
471 1999 539 2062 eura
574 2020 603 2062 et
629 2010 673 2064 tui
701 2011 883 2088 neglegentia
903 2016 958 2078 (1).

317 2197 442 2252 celsiora
466 2207 566 2249 retexo
599 2197 786 2268 conloquia?
823 2197 903 2263 Huc,
932 2199 1026 2268 inquis
1046 2201 1111 2268 (d),
1139 2200 1269 2252 fidissimi

318 2291 528 2351 commilitones
557 2290 707 2344 adversum
741 2301 836 2343 truces
871 2291 993 2362 populos
1030 2303 1059 2345 et
1100 2275 1191 2345 Rhebi
1229 2293 1269 2345 fe-

316 2403 400 2439 roees
436 2384 591 2456 indegenlas
627 2385 730 2437 vexilla
764 2385 924 2438 conserte:
962 2387 1007 2438 laic
1035 2386 1192 2438 eommunis
1218 2386 1269 2437 bo·

317 2479 368 2533 stis
388 2481 430 2547 (a)
457 2488 519 2544 est,
560 2477 608 2530 ille
643 2478 798 2549 privatus3
824 2480 916 2548 prima
948 2480 1086 2532 victoriae
1115 2479 1267 2548 publicae,

388 2103 453 2156 XII.
487 2104 562 2180 Quid
582 2103 658 2174 ipsas
677 2104 826 2156 contiones
843 2115 909 2156 tuas
934 2115 963 2157 et
981 2105 1110 2158 humanis
1137 2103 1266 2158 sensibus

1337 2261 1338 2306 l

317 2573 442 2626 secunda
471 2571 614 2624 vindictae
642 2588 721 2623 meae
754 2589 840 2624 causa
865 2582 909 2623 est
928 2575 995 2640 (ηε
1028 2573 1084 2624 alio
1113 2572 1193 2626 bello
1220 2591 1269 2644 pe·
1337 2609 1338 2648 1

252 2659 255 2667 ’
317 2666 390 2719 titur
429 2675 529 2718 nostra
567 2663 718 2734 dignitas,
754 2665 809 2716 hoe
848 2661 949 2718 vestra*
979 2667 1137 2737 possessio.
1192 2667 1269 2744 Quid
1337 2657 1338 2716 Ῐ

315 2759 424 2832 plura?
463 2769 562 2810 eontra
592 2767 621 2809 te
650 2759 799 2843 suadendq
824 2759 948 2811 vicisti:
983 2770 1152 2832 tantumque
1179 2761 1268 2814 valuit
1337 2771 1338 2834 j

316 2853 474 2906 auotoritas
511 2861 578 2916 tua,
614 2861 646 2903 ut
686 2852 918 2906 dissimularetur
954 2852 1069 2907 iniuria.
1131 2855 1267 2908 Putasses
1337 2917 1338 2926 p

366 3029 402 3080 (a)
428 3029 680 3072 neumasensium.
696 3015 698 3022 Ι
712 3032 746 3084 (b)
766 3030 820 3082 (lod.
832 3031 919 3070 dunen*
943 3030 976 3081 (a)
996 3030 1050 3072 cod.
1068 3029 1173 3073 isinum
1190 3040 1268 3072 vetere

315 3096 367 3136 item
382 3097 547 3150 orthographia.
574 3099 611 3149 (d)
625 3098 679 3139 cod.
692 3098 781 3152 inquid.
808 3097 842 3148 (e)
857 3096 911 3136 Cod.
924 3097 1008 3150 hostpe.

233 3188 236 3193 ,
312 3179 819 3202 ψυ---------μ

368 3272 406 3330 (t)
422 3267 520 3317 Galliae
528 3269 624 3316 nobiles
636 3271 708 3317 urbes
719 3269 884 3334 legationibus
895 3271 1198 3324 missisValentinianum,
1208 3287 1267 3333 quo·
1337 3321 1338 3326 ¹

314 3365 397 3412 minus
409 3365 435 3410 in
449 3364 579 3410 Orientem
591 3366 704 3410 adversus
716 3365 864 3427 Procopium
875 3375 995 3428 pergeret,
1008 3375 1179 3412 exoraverunt:
1199 3366 1266 3426 quod
1337 3405 1338 3420 ,

314 3459 334 3506 ei
351 3458 461 3514 lecisset,
480 3459 564 3507 Gallia
583 3441 767 3507 Gennanbrum
785 3459 925 3506 incursibus
942 3460 1069 3521 patuisset
1093 3463 1149 3506 Am.
1163 3476 1222 3506 xxvi.
1243 3454 1265 3506 5.

364 3556 401 3612 (2)
415 3553 610 3600 Valentinianus
627 3553 721 3613 (inquit
738 3554 885 3599 Ammianus
903 3553 950 3600 loc.
970 3554 1023 3612 eit.)
1044 3539 1205 3615 „replicabat
1223 3553 1267 3600 ali·
1337 3553 1338 3612 ζ

312 3683 331 3706 „
340 3649 451 3712 quoties,
475 3646 571 3694 bostem
596 3663 669 3694 snum
694 3646 835 3707 Fratrisque
860 3646 935 3693 solius
956 3661 1008 3692 esse
1026 3645 1188 3710 Prosopium
1210 3647 1267 3694 nla—
1337 3641 1338 3696 Ῑ

312 3757 445 3798 „mannos
462 3755 518 3786 vero
541 3740 618 3786 totius
642 3739 708 3785 orbis
732 3741 842 3788 romani:
870 3741 1006 3804 statuitque
1023 3757 1147 3804 nusquam
1164 3741 1268 3790 interim
1337 3735 1338 3742 ἵ

310 3848 405 3896 „extra
423 3833 530 3884 confinia
547 3833 641 3884 moveri
659 3833 798 3884 Gallorum.
809 3840 827 3860 “
