2730 4804
348 467 523 546 snmounu'
536 500 710 569 srsvsrvu
733 481 773 541 11·
977 545 980 550 ,
997 500 1048 564 19,
1125 480 1126 484 ¹

123 665 191 719 VII.
206 665 240 719 ln
257 667 334 738 quod
352 667 515 737 periculum
535 707 542 721 .
564 704 571 718 .
591 705 599 721 .
617 665 772 737 prolapsus
792 663 861 718 esti
895 663 1032 716 Formam
1089 667 1091 677 '

69 760 196 832 cognitio
224 797 232 810 .
263 795 270 811 .
299 799 307 815 .
331 776 385 812 nco
412 743 582 830 describere
608 748 701 812 audeo
721 776 775 812 nec
792 769 892 810 tacere
929 798 937 812 .
973 795 981 812 .
1019 796 1027 810 .

68 856 151 908 innos
169 853 238 906 fidei
258 871 331 923 quae
357 852 461 906 suadet
490 856 534 923 (a)
569 853 689 906 audacia
715 887 722 902 .
750 891 757 907 .
786 861 935 906 .naturae
969 865 1029 914 mu.

68 967 122 1002 nus
144 965 234 1005 occur
258 986 266 1002 .
292 985 300 1004 .
321 984 328 998 .
347 947 387 1000 oli
406 947 586 1000 tribunal..
609 987 617 1002 .
637 946 761 998 duorum
780 945 929 998 fluminum
955 984 963 1001 .
988 987 995 1002 .
1019 985 1027 1002 .
1082 994 1085 1000 .

38 1051 41 1058 ⁴
68 1047 159 1114 gnara
188 1039 314 1093 dedecus
344 1075 352 1092 .
381 1080 389 1097 .
422 1079 429 1093 .
456 1056 556 1092 manus
591 1039 719 1110 geminas
748 1053 885 1108 aggerum
915 1039 1030 1093 institu·

67 1113 165 1190 tiones
202 1136 275 1188 mole
308 1133 426 1187 vallavit
452 1137 507 1202 (ι).
571 1131 710 1186 Succedit
747 1147 851 1196 scaena
879 1123 1034 1186 murorens'

66 1235 180 1282 tantum
216 1245 250 1281 ex
286 1245 319 1280 ea
348 1238 431 1298 parte
463 1226 604 1292 declivis,
643 1243 699 1296 qua
728 1226 873 1295 margines
904 1225 1033 1280 turrium
1122 1229 1138 1268 ’ν

67 1325 177 1376 fluenta
210 1316 419 1394 perstringunt.
506 1322 577 1374 Nam
613 1317 757 1374 bracchiis
798 1321 842 1386 (l)
891 1319 1030 1390 utrinque

66 1416 183 1470 Rhenus
217 1426 366 1488 urgetur,
411 1425 444 1468 ut
472 1415 503 1466 in
536 1409 633 1468 'varios
664 1431 733 1468 usus
764 1423 858 1466 tutum
887 1403 1039 1484 praebeat

66 1516 268 1564 commeatum.
324 1509 391 1577 Ipsa
422 1508 498 1573 itta,
536 1525 609 1578 quae
639 1507 865 1586 propugnaculis
898 1507 1027 1560 ambiun-

66 1612 141 1664 tur,
177 1617 266 1671 opero
304 1618 356 1652 suo
391 1599 531 1652 decenter
559 1611 663 1653 ornata
699 1612 774 1653 sunt.
836 1601 881 1652 Ita
916 1601 1029 1656 crebris

64 1696 195 1748 hiatibus
238 1693 378 1766 destricta
421 1693 586 1746 coniunctio
632 1693 734 1762 pandit
770 1693 876 1746 exitum
912 1695 1029 1764 glandea

65 1785 152 1841 stinis
167 1790 211 1855 (c)
232 1787 355 1840 iactibus
384 1785 564 1856 sagittarunt.
619 1786 684 1840 Stnt
702 1787 815 1848 mediae
834 1789 909 1842 arcis
929 1799 1030 1842 aurata

66 1881 252 1945 sublimitas,
291 1890 320 1932 et
346 1889 425 1934 tecto
449 1879 573 1932 comitur
597 1897 652 1950 pro
679 1891 803 1952 tropeo:
853 1883 899 1934 cui
931 1900 1030 1952 perar-

68 1975 119 2030 dui
162 1985 191 2027 et
233 1973 263 2028 in
303 1990 398 2044 prona
440 1973 559 2052 declivis
596 1975 643 2042 (tl)
678 1976 751 2028 levis
792 1965 903 2047 plumbi
939 1977 1030 2030 lorica

67 2069 242 2134 subtexitur.
297 2069 390 2144 Quem
417 2066 491 2132 tibi,
526 2069 684 2138 Auguste,
721 2069 847 2124 animum
877 2090 942 2124 cum
957 2073 1029 2124 hacc

67 2161 212 2216 conderes
252 2161 343 2214 fuisse
388 2161 576 2215 credamutlt
621 2163 702 2233 quasi
725 2164 884 2231 sollicitus
919 2166 1031 2222 munita

67 2253 190 2318 fecisti,
226 2253 308 2323 quasi
337 2264 456 2308 securus
480 2256 591 2330 ornasti

127 2347 211 2400 VIII.
241 2346 377 2398 Prodidit
418 2358 501 2401 vetus
547 2349 667 2416 ¹fabula,
722 2350 879 2422 Gigantum
914 2370 1030 2408 manum

68 2442 214 2514 quondam
259 2451 408 2494 montanas
456 2443 546 2496 turris
602 2444 733 2498 intulisse
787 2448 932 2500 sideribus
974 2452 1027 2516 (a).

69 2538 154 2591 Talia
188 2537 266 2589 forte
296 2537 471 2607 temptavit:
522 2553 617 2606 neque
650 2538 729 2590 'enim
761 2549 929 2610 terregcnas
960 2540 1043 2593 licet·

67 2632 190 2684 iuvenes
230 2632 348 2684 Peliona
389 2631 483 2703 adque
530 2631 632 2684 Ossam
675 2634 843 2694 convexisse
875 2610 1031 2688 'credibile

70 2733 127 2776 est.
191 2723 279 2782 Dum,
303 2723 396 2776 solitis
427 2723 538 2777 maiora
573 2734 737 2795 conantur,
783 2727 897 2780 infirma
934 2727 1029 2782 moliti
1056 2743 1059 2752 ’

69 2826 151 2871 sunt.
201 2816 260 2870 Sed
289 2816 364 2869 fama
393 2816 471 2869 auxit
501 2814 660 2883 invidiam,
696 2829 728 2871 ut
756 2799 1043 2892 fragilitas‘operis¹

67 2911 274 2981 neglegentius
318 2911 484 2978 conlocati,
538 2911 671 2967 simulati
718 2913 871 2968 Numinum
916 2914 1030 2986 conspi-

67 3004 209 3071 ratione,
241 3007 325 3075 cqua
350 3014 464 3058 careret
488 3003 625 3060 incuriae.
681 3009 741 3062 Aut
766 3007 791 3060 si
809 3024 907 3060 rerum
925 3007 1028 3062 talium

62 3134 137 3220 Ἰοῖ
149 3137 203 3208 Ood.
221 3168 307 3209 suadit.
339 3168 374 3219 (b)
388 3169 421 3213 Ita
440 3169 493 3210 Cod.
508 3183 557 3208 cum
571 3167 653 3220 duplici
669 3137 725 3207 c'ut
741 3133 1037 3222 ἰιῖιΙίᾧῖηίῌόο-ιίῖὶτ

70 3218 106 3269 (c)
121 3219 154 3258 Its
167 3217 214 3258 Ood
229 3232 277 3258 cum
289 3232 311 3271 g.
327 3220 364 3271 (d)
379 3218 434 3259 uod.
448 3217 557 3260 declives.
898 3225 901 3232 ·

61 3289 659 3308 mmm---.m
792 3294 880 3302 *m
933 3293 959 3298 ,υ
988 3289 1035 3300 ..-

103 3367 139 3426 (1)
157 3365 281 3427 Loquitur
291 3365 399 3420 Orator,
418 3377 446 3412 ut
463 3376 539 3429 puto,
559 3367 590 3412 de
609 3364 655 3412 illo
668 3366 827 3414 munimento
839 3364 905 3412 celso
918 3373 943 3409 et
959 3373 1028 3418 tuto,

70 3459 139 3521 quod
157 3475 172 3504 a
189 3457 369 3506 Valentiniano
386 3473 463 3522 prope
480 3459 587 3522 Nigrum
604 3457 706 3507 fluvium
727 3447 856 3507 conditdm
875 3467 961 3504 narrat
970 3460 1029 3505 Am·

68 3555 170 3601 mianus
186 3552 270 3609 uviu,
289 3566 312 3602 e.

105 3650 143 3706 (a)
161 3648 250 3696 Obiter
273 3665 379 3704 moneo,
408 3649 572 3698 Themistium
588 3650 615 3713 in
634 3651 755 3699 Oratione
772 3663 827 3696 rut.
864 3664 927 3712 quae
945 3659 983 3696 est
999 3649 1031 3698 de

5 3755 7 3818 l
66 3741 256 3806 pulchritudine
275 3743 391 3818 Gratiani
417 3743 500 3815 (Edit
519 3746 594 3792 Hard.
613 3762 636 3808 p.
660 3740 806 3808 176·177.)
833 3753 1030 3810 commemorare

5 3821 7 3894 ᾗ
65 3851 177 3898 pugnam
196 3837 333 3902 Gigantum
351 3853 423 3888 aerea
439 3839 548 3903 imagine
567 3853 706 3904 expressam
724 3849 789 3887 ante
800 3842 896 3891 curiam
905 3841 1030 3890 Gourian-

5 3899 27 3942 μ’
65 3929 268 3996 sinopofiunam.
