<?xml version="1.0" encoding="UTF-8"?>
<!DOCTYPE html PUBLIC "-//W3C//DTD XHTML 1.0 Transitional//EN"
    "http://www.w3.org/TR/xhtml1/DTD/xhtml1-transitional.dtd">
<html xmlns="http://www.w3.org/1999/xhtml" xml:lang="en" lang="en">
 <head>
  <title>
</title>
<meta http-equiv="Content-Type" content="text/html;charset=utf-8" />
  <meta name='ocr-system' content='tesseract 3.04.00' />
  <meta name='ocr-capabilities' content='ocr_page ocr_carea ocr_par ocr_line ocrx_word'/>
</head>
<body>
  <div class='ocr_page' id='page_1' title='image "./qaureliisummach00symmgoog_0075.png"; bbox 0 0 2734 4792; ppageno 0'>
   <div class='ocr_carea' id='block_1_1' title="bbox 312 457 354 520">
    <p class='ocr_par' dir='ltr' id='par_1_1' title="bbox 312 457 354 520">
     <span class='ocr_line' id='line_1_1' title="bbox 312 457 354 520; baseline -0.048 0"><span class='ocrx_word' id='word_1_1' title='bbox 312 457 354 520; x_wconf 83' lang='lat'><strong>50</strong></span> 
     </span>
    </p>
   </div>
   <div class='ocr_carea' id='block_1_2' title="bbox 274 638 1285 2378">
    <p class='ocr_par' dir='ltr' id='par_1_2' title="bbox 357 638 1243 969">
     <span class='ocr_line' id='line_1_2' title="bbox 357 638 1243 754; baseline -0.01 -25"><span class='ocrx_word' id='word_1_2' title='bbox 357 639 435 754; x_wconf 83' lang='lat' dir='ltr'><strong>·Q·</strong></span> <span class='ocrx_word' id='word_1_3' title='bbox 479 643 708 730; x_wconf 78' lang='lat' dir='ltr'><strong>AVRELII</strong></span> <span class='ocrx_word' id='word_1_4' title='bbox 752 638 1056 722; x_wconf 65' lang='lat' dir='ltr'><strong>strumucffl</strong></span> <span class='ocrx_word' id='word_1_5' title='bbox 1102 639 1243 720; x_wconf 67' lang='grc' dir='ltr'>ιιι·</span> 
     </span>
     <span class='ocr_line' id='line_1_3' title="bbox 387 779 1068 878; baseline -0.015 -11"><span class='ocrx_word' id='word_1_6' title='bbox 387 779 398 867; x_wconf 80' lang='lat' dir='ltr'><strong>l</strong></span> <span class='ocrx_word' id='word_1_7' title='bbox 526 797 697 861; x_wconf 73' lang='lat' dir='ltr'><strong>caurio</strong></span> <span class='ocrx_word' id='word_1_8' title='bbox 722 784 1068 878; x_wconf 67' lang='lat' dir='ltr'><strong>Pacuuianum</strong></span> 
     </span>
     <span class='ocr_line' id='line_1_4' title="bbox 361 940 465 969; baseline 0 -21"><span class='ocrx_word' id='word_1_9' title='bbox 361 942 364 969; x_wconf 47' lang='lat'>5</span> <span class='ocrx_word' id='word_1_10' title='bbox 462 940 465 948; x_wconf 81' lang='grc'>,</span> 
     </span>
    </p>

    <p class='ocr_par' dir='ltr' id='par_1_3' title="bbox 274 989 1285 2284">
     <span class='ocr_line' id='line_1_5' title="bbox 357 989 1285 1055; baseline -0.005 -6"><span class='ocrx_word' id='word_1_11' title='bbox 357 1031 366 1049; x_wconf 91' lang='grc'><strong>.</strong></span> <span class='ocrx_word' id='word_1_12' title='bbox 390 1031 399 1049; x_wconf 93' lang='grc'><strong>.</strong></span> <span class='ocrx_word' id='word_1_13' title='bbox 425 1027 469 1054; x_wconf 64' lang='grc'><strong>.,.</strong></span> <span class='ocrx_word' id='word_1_14' title='bbox 497 991 521 1045; x_wconf 91' lang='lat'><strong>1.</strong></span> <span class='ocrx_word' id='word_1_15' title='bbox 547 994 692 1048; x_wconf 78' lang='lat' dir='ltr'><strong>Desiderio</strong></span> <span class='ocrx_word' id='word_1_16' title='bbox 717 1002 813 1048; x_wconf 82' lang='lat' dir='ltr'><strong>nestro</strong></span> <span class='ocrx_word' id='word_1_17' title='bbox 831 1009 896 1047; x_wconf 86' lang='lat' dir='ltr'><strong>cum</strong></span> <span class='ocrx_word' id='word_1_18' title='bbox 922 991 1076 1055; x_wconf 83' lang='lat' dir='ltr'><strong>absumus,</strong></span> <span class='ocrx_word' id='word_1_19' title='bbox 1111 989 1285 1046; x_wconf 81' lang='lat' dir='ltr'><strong>testimonio</strong></span> 
     </span>
     <span class='ocr_line' id='line_1_6' title="bbox 321 1068 1283 1156; baseline -0.005 -15"><span class='ocrx_word' id='word_1_20' title='bbox 321 1068 553 1156; x_wconf 34' lang='lat' dir='ltr'><strong>cum&#39;venimus.</strong></span> <span class='ocrx_word' id='word_1_21' title='bbox 607 1087 667 1140; x_wconf 89' lang='lat' dir='ltr'><strong>Nee</strong></span> <span class='ocrx_word' id='word_1_22' title='bbox 705 1085 894 1139; x_wconf 77' lang='lat' dir='ltr'>formidamus</span> <span class='ocrx_word' id='word_1_23' title='bbox 928 1081 1083 1136; x_wconf 86' lang='lat' dir='ltr'><strong>invidiam:</strong></span> <span class='ocrx_word' id='word_1_24' title='bbox 1122 1083 1211 1136; x_wconf 88' lang='lat' dir='ltr'><strong>sensit</strong></span> <span class='ocrx_word' id='word_1_25' title='bbox 1249 1095 1283 1136; x_wconf 91' lang='lat' dir='ltr'><strong>et</strong></span> 
     </span>
     <span class='ocr_line' id='line_1_7' title="bbox 320 1177 1280 1252; baseline -0.002 -20"><span class='ocrx_word' id='word_1_26' title='bbox 320 1189 455 1250; x_wconf 49' lang='lat' dir='ltr'><strong>expertax</strong></span> <span class='ocrx_word' id='word_1_27' title='bbox 486 1190 531 1234; x_wconf 87' lang='lat' dir='ltr'><strong>est</strong></span> <span class='ocrx_word' id='word_1_28' title='bbox 566 1179 636 1252; x_wconf 90' lang='lat' dir='ltr'><strong>quid</strong></span> <span class='ocrx_word' id='word_1_29' title='bbox 670 1178 789 1232; x_wconf 91' lang='lat' dir='ltr'><strong>Parenti</strong></span> <span class='ocrx_word' id='word_1_30' title='bbox 825 1194 890 1230; x_wconf 89' lang='lat' dir='ltr'><strong>mco</strong></span> <span class='ocrx_word' id='word_1_31' title='bbox 928 1179 1079 1232; x_wconf 80' lang='lat' dir='ltr'><strong>adversata</strong></span> <span class='ocrx_word' id='word_1_32' title='bbox 1119 1177 1280 1248; x_wconf 78' lang='lat' dir='ltr'><strong>profuerit.</strong></span> 
     </span>
     <span class='ocr_line' id='line_1_8' title="bbox 319 1251 1281 1348; baseline -0.001 -22"><span class='ocrx_word' id='word_1_33' title='bbox 319 1271 455 1327; x_wconf 82' lang='lat' dir='ltr'><strong>Cesserat</strong></span> <span class='ocrx_word' id='word_1_34' title='bbox 484 1271 602 1346; x_wconf 90' lang='lat' dir='ltr'><strong>quidem</strong></span> <span class='ocrx_word' id='word_1_35' title='bbox 633 1284 734 1346; x_wconf 90' lang='lat' dir='ltr'><strong>sponte</strong></span> <span class='ocrx_word' id='word_1_36' title='bbox 764 1251 814 1325; x_wconf 87' lang='lat' dir='ltr'><strong>ille</strong></span> <span class='ocrx_word' id='word_1_37' title='bbox 848 1289 903 1344; x_wconf 90' lang='lat' dir='ltr'><strong>per</strong></span> <span class='ocrx_word' id='word_1_38' title='bbox 933 1269 1135 1346; x_wconf 84' lang='lat' dir='ltr'><strong>verecundiam</strong></span> <span class='ocrx_word' id='word_1_39' title='bbox 1162 1289 1281 1348; x_wconf 26' lang='lat' dir='ltr'><strong>&#39;pauco-</strong></span> 
     </span>
     <span class='ocr_line' id='line_1_9' title="bbox 318 1364 1281 1438; baseline -0.002 -18"><span class='ocrx_word' id='word_1_40' title='bbox 318 1385 384 1420; x_wconf 86' lang='lat' dir='ltr'><strong>rum</strong></span> <span class='ocrx_word' id='word_1_41' title='bbox 412 1367 566 1420; x_wconf 76' lang='lat' dir='ltr'><strong>facilitati:</strong></span> <span class='ocrx_word' id='word_1_42' title='bbox 604 1376 696 1438; x_wconf 87' lang='lat' dir='ltr'><strong>utque</strong></span> <span class='ocrx_word' id='word_1_43' title='bbox 735 1365 838 1418; x_wconf 88' lang='lat' dir='ltr'><strong>melior</strong></span> <span class='ocrx_word' id='word_1_44' title='bbox 868 1365 905 1417; x_wconf 89' lang='lat' dir='ltr'><strong>ad</strong></span> <span class='ocrx_word' id='word_1_45' title='bbox 938 1383 990 1417; x_wconf 85' lang='lat' dir='ltr'><strong>vos</strong></span> <span class='ocrx_word' id='word_1_46' title='bbox 1021 1364 1158 1428; x_wconf 76' lang='lat' dir='ltr'><strong>rediret,</strong></span> <span class='ocrx_word' id='word_1_47' title='bbox 1196 1383 1281 1418; x_wconf 87' lang='lat' dir='ltr'><strong>cura·</strong></span> 
     </span>
     <span class='ocr_line' id='line_1_10' title="bbox 287 1453 1280 1530; baseline 0.003 -16"><span class='ocrx_word' id='word_1_48' title='bbox 287 1456 291 1462; x_wconf 72' lang='grc'><strong>’</strong></span> <span class='ocrx_word' id='word_1_49' title='bbox 319 1453 516 1514; x_wconf 60' lang='grc' dir='ltr'>ι·ἰιιιι’νιιοιιιιι</span> <span class='ocrx_word' id='word_1_50' title='bbox 543 1462 668 1514; x_wconf 89' lang='lat' dir='ltr'><strong>animum</strong></span> <span class='ocrx_word' id='word_1_51' title='bbox 699 1462 805 1516; x_wconf 87' lang='lat' dir='ltr'><strong>litteris</strong></span> <span class='ocrx_word' id='word_1_52' title='bbox 834 1462 984 1515; x_wconf 84' lang='lat' dir='ltr'><strong>excolebat</strong></span> <span class='ocrx_word' id='word_1_53' title='bbox 1017 1462 1069 1530; x_wconf 88' lang='grc' dir='ltr'>(ι).</span> <span class='ocrx_word' id='word_1_54' title='bbox 1122 1459 1182 1513; x_wconf 89' lang='lat' dir='ltr'><strong>Sed</strong></span> <span class='ocrx_word' id='word_1_55' title='bbox 1220 1463 1280 1518; x_wconf 84' lang='lat' dir='ltr'><strong>hoe</strong></span> 
     </span>
     <span class='ocr_line' id='line_1_11' title="bbox 321 1555 1281 1628; baseline 0.002 -20"><span class='ocrx_word' id='word_1_56' title='bbox 321 1555 404 1608; x_wconf 78' lang='lat' dir='ltr'><strong>Ordo</strong></span> <span class='ocrx_word' id='word_1_57' title='bbox 439 1557 631 1628; x_wconf 88' lang='lat' dir='ltr'><strong>amplissimus</strong></span> <span class='ocrx_word' id='word_1_58' title='bbox 663 1557 713 1611; x_wconf 91' lang='lat' dir='ltr'><strong>diu</strong></span> <span class='ocrx_word' id='word_1_59' title='bbox 745 1575 804 1610; x_wconf 90' lang='lat' dir='ltr'><strong>non</strong></span> <span class='ocrx_word' id='word_1_60' title='bbox 831 1557 907 1611; x_wconf 91' lang='lat' dir='ltr'><strong>tullt.</strong></span> <span class='ocrx_word' id='word_1_61' title='bbox 961 1557 1085 1622; x_wconf 85' lang='lat' dir='ltr'><strong>Statim,</strong></span> <span class='ocrx_word' id='word_1_62' title='bbox 1123 1555 1203 1627; x_wconf 85' lang='lat' dir='ltr'><strong>quasi</strong></span> <span class='ocrx_word' id='word_1_63' title='bbox 1243 1575 1281 1610; x_wconf 87' lang='lat' dir='ltr'><strong>ex</strong></span> 
     </span>
     <span class='ocr_line' id='line_1_12' title="bbox 317 1647 1278 1722; baseline -0.002 -18"><span class='ocrx_word' id='word_1_64' title='bbox 317 1651 414 1722; x_wconf 76' lang='lat' dir='ltr'><strong>lungo.</strong></span> <span class='ocrx_word' id='word_1_65' title='bbox 432 1662 464 1705; x_wconf 90' lang='lat' dir='ltr'><strong>ut</strong></span> <span class='ocrx_word' id='word_1_66' title='bbox 488 1651 587 1706; x_wconf 86' lang='lat' dir='ltr'><strong>redire</strong></span> <span class='ocrx_word' id='word_1_67' title='bbox 613 1649 703 1704; x_wconf 86' lang='lat' dir='ltr'><strong>vallet</strong></span> <span class='ocrx_word' id='word_1_68' title='bbox 728 1651 844 1705; x_wconf 65' lang='lat' dir='ltr'><strong>crutis.</strong></span> <span class='ocrx_word' id='word_1_69' title='bbox 900 1649 1050 1715; x_wconf 85' lang='lat' dir='ltr'><strong>iussistis,</strong></span> <span class='ocrx_word' id='word_1_70' title='bbox 1087 1648 1172 1702; x_wconf 89' lang='lat' dir='ltr'><strong>malui</strong></span> <span class='ocrx_word' id='word_1_71' title='bbox 1197 1647 1278 1702; x_wconf 85' lang='lat' dir='ltr'><strong>dice-</strong></span> 
     </span>
     <span class='ocr_line' id='line_1_13' title="bbox 274 1731 1275 1816; baseline 0.002 -20"><span class='ocrx_word' id='word_1_72' title='bbox 274 1759 373 1811; x_wconf 65' lang='lat' dir='ltr'><strong>„ra3</strong></span> <span class='ocrx_word' id='word_1_73' title='bbox 409 1761 476 1799; x_wconf 80' lang='lat' dir='ltr'><strong>nean</strong></span> <span class='ocrx_word' id='word_1_74' title='bbox 506 1731 634 1808; x_wconf 81' lang='lat' dir='ltr'><strong>Senatus</strong></span> <span class='ocrx_word' id='word_1_75' title='bbox 658 1761 724 1802; x_wconf 84' lang='lat' dir='ltr'><strong>eum</strong></span> <span class='ocrx_word' id='word_1_76' title='bbox 754 1744 830 1816; x_wconf 86' lang='lat' dir='ltr'><strong>petit</strong></span> <span class='ocrx_word' id='word_1_77' title='bbox 866 1743 1082 1808; x_wconf 81' lang='lat' dir='ltr'><strong>vehementius,</strong></span> <span class='ocrx_word' id='word_1_78' title='bbox 1118 1744 1275 1815; x_wconf 85' lang='lat' dir='ltr'><strong>praecipit.</strong></span> 
     </span>
     <span class='ocr_line' id='line_1_14' title="bbox 317 1835 1277 1914; baseline 0.004 -26"><span class='ocrx_word' id='word_1_79' title='bbox 317 1836 423 1898; x_wconf 85' lang='lat' dir='ltr'><strong>Parum</strong></span> <span class='ocrx_word' id='word_1_80' title='bbox 450 1837 503 1895; x_wconf 88' lang='lat' dir='ltr'><strong>hoc</strong></span> <span class='ocrx_word' id='word_1_81' title='bbox 529 1837 731 1894; x_wconf 85' lang='lat' dir='ltr'><strong>deferentibus</strong></span> <span class='ocrx_word' id='word_1_82' title='bbox 757 1837 848 1892; x_wconf 86' lang='lat' dir='ltr'><strong>visum</strong></span> <span class='ocrx_word' id='word_1_83' title='bbox 868 1848 931 1890; x_wconf 85' lang='lat' dir='ltr'><strong>est:</strong></span> <span class='ocrx_word' id='word_1_84' title='bbox 962 1835 1134 1914; x_wconf 82' lang='lat' dir='ltr'><strong>adlegantur</strong></span> <span class='ocrx_word' id='word_1_85' title='bbox 1153 1837 1189 1890; x_wconf 85' lang='lat' dir='ltr'><strong>ad</strong></span> <span class='ocrx_word' id='word_1_86' title='bbox 1208 1855 1277 1892; x_wconf 90' lang='lat' dir='ltr'><strong>eum</strong></span> 
     </span>
     <span class='ocr_line' id='line_1_15' title="bbox 316 1928 1274 2008; baseline 0 -24"><span class='ocrx_word' id='word_1_87' title='bbox 316 1949 380 1984; x_wconf 87' lang='lat' dir='ltr'><strong>eum</strong></span> <span class='ocrx_word' id='word_1_88' title='bbox 404 1931 507 2001; x_wconf 87' lang='lat' dir='ltr'><strong>primis</strong></span> <span class='ocrx_word' id='word_1_89' title='bbox 531 1931 644 2008; x_wconf 87' lang='lat' dir='ltr'><strong>nobiles</strong></span> <span class='ocrx_word' id='word_1_90' title='bbox 669 1929 745 1995; x_wconf 87' lang='lat' dir='ltr'><strong>viri,</strong></span> <span class='ocrx_word' id='word_1_91' title='bbox 781 1929 942 1988; x_wconf 82' lang='lat' dir='ltr'><strong>administri</strong></span> <span class='ocrx_word' id='word_1_92' title='bbox 967 1939 996 1982; x_wconf 90' lang='lat' dir='ltr'><strong>ct</strong></span> <span class='ocrx_word' id='word_1_93' title='bbox 1024 1928 1194 1984; x_wconf 85' lang='lat' dir='ltr'><strong>internuntii</strong></span> <span class='ocrx_word' id='word_1_94' title='bbox 1220 1949 1274 2000; x_wconf 90' lang='lat' dir='ltr'><strong>pu-</strong></span> 
     </span>
     <span class='ocr_line' id='line_1_16' title="bbox 291 2003 1276 2108; baseline 0 -31"><span class='ocrx_word' id='word_1_95' title='bbox 291 2009 293 2019; x_wconf 39' lang='lat'><em>*</em></span> <span class='ocrx_word' id='word_1_96' title='bbox 316 2023 410 2077; x_wconf 91' lang='lat' dir='ltr'><strong>blicae</strong></span> <span class='ocrx_word' id='word_1_97' title='bbox 438 2003 607 2108; x_wconf 29' lang='lat' dir='ltr'><strong>volunta-‘tis&#39;⁸</strong></span> <span class='ocrx_word' id='word_1_98' title='bbox 656 2023 770 2098; x_wconf 76' lang='lat' dir='ltr'><strong>Quanta</strong></span> <span class='ocrx_word' id='word_1_99' title='bbox 796 2022 867 2075; x_wconf 89' lang='lat' dir='ltr'><strong>hacc</strong></span> <span class='ocrx_word' id='word_1_100' title='bbox 885 2003 1023 2078; x_wconf 81' lang='lat' dir='ltr'><strong>desiderii</strong></span> <span class='ocrx_word' id='word_1_101' title='bbox 1049 2025 1142 2078; x_wconf 75' lang='lat' dir='ltr'><strong>vestri</strong></span> <span class='ocrx_word' id='word_1_102' title='bbox 1168 2041 1276 2096; x_wconf 89' lang='lat' dir='ltr'><strong>pompa</strong></span> 
     </span>
     <span class='ocr_line' id='line_1_17' title="bbox 318 2103 1274 2190; baseline -0.001 -20"><span class='ocrx_word' id='word_1_103' title='bbox 318 2126 379 2183; x_wconf 90' lang='lat' dir='ltr'><strong>est,</strong></span> <span class='ocrx_word' id='word_1_104' title='bbox 414 2103 488 2190; x_wconf 79' lang='lat' dir='ltr'><strong>quac</strong></span> <span class='ocrx_word' id='word_1_105' title='bbox 516 2107 688 2169; x_wconf 80' lang='lat' dir='ltr'><strong>benelicium</strong></span> <span class='ocrx_word' id='word_1_106' title='bbox 708 2133 789 2168; x_wconf 87' lang='lat' dir='ltr'><strong>suum</strong></span> <span class='ocrx_word' id='word_1_107' title='bbox 810 2131 903 2188; x_wconf 87' lang='lat' dir='ltr'><strong>paene</strong></span> <span class='ocrx_word' id='word_1_108' title='bbox 923 2115 1061 2170; x_wconf 84' lang='lat' dir='ltr'><strong>ambitum</strong></span> <span class='ocrx_word' id='word_1_109' title='bbox 1079 2117 1141 2172; x_wconf 83' lang='lat' dir='ltr'><strong>vult</strong></span> <span class='ocrx_word' id='word_1_110' title='bbox 1159 2118 1274 2172; x_wconf 84' lang='lat' dir='ltr'><strong>videri!</strong></span> 
     </span>
     <span class='ocr_line' id='line_1_18' title="bbox 318 2198 1274 2284; baseline 0.001 -20"><span class='ocrx_word' id='word_1_111' title='bbox 318 2209 434 2278; x_wconf 84' lang='lat' dir='ltr'><strong>Credo,</strong></span> <span class='ocrx_word' id='word_1_112' title='bbox 466 2210 537 2262; x_wconf 85' lang='lat' dir='ltr'><strong>haec</strong></span> <span class='ocrx_word' id='word_1_113' title='bbox 561 2213 658 2262; x_wconf 85' lang='lat' dir='ltr'><strong>vestra</strong></span> <span class='ocrx_word' id='word_1_114' title='bbox 677 2205 777 2280; x_wconf 89' lang='lat' dir='ltr'><strong>opinio</strong></span> <span class='ocrx_word' id='word_1_115' title='bbox 791 2219 865 2275; x_wconf 85' lang='lat' dir='ltr'><strong>erat,</strong></span> <span class='ocrx_word' id='word_1_116' title='bbox 884 2221 916 2263; x_wconf 94' lang='lat' dir='ltr'><strong>ut</strong></span> <span class='ocrx_word' id='word_1_117' title='bbox 934 2224 987 2281; x_wconf 92' lang='lat' dir='ltr'><strong>per</strong></span> <span class='ocrx_word' id='word_1_118' title='bbox 1005 2198 1119 2265; x_wconf 83' lang='lat' dir='ltr'><strong>l&#39;etiales</strong></span> <span class='ocrx_word' id='word_1_119' title='bbox 1137 2212 1274 2284; x_wconf 90' lang='lat' dir='ltr'><strong>quodam·</strong></span> 
     </span>
    </p>

    <p class='ocr_par' dir='ltr' id='par_1_4' title="bbox 290 2305 1271 2378">
     <span class='ocr_line' id='line_1_19' title="bbox 290 2305 1271 2378; baseline 0.002 -19"><span class='ocrx_word' id='word_1_120' title='bbox 290 2336 292 2342; x_wconf 95' lang='lat'>·</span> <span class='ocrx_word' id='word_1_121' title='bbox 315 2305 405 2359; x_wconf 88' lang='lat' dir='ltr'><strong>modo</strong></span> <span class='ocrx_word' id='word_1_122' title='bbox 424 2315 596 2358; x_wconf 80' lang='lat' dir='ltr'><strong>vocaretur:</strong></span> <span class='ocrx_word' id='word_1_123' title='bbox 626 2305 771 2358; x_wconf 88' lang='lat' dir='ltr'><strong>verbenae</strong></span> <span class='ocrx_word' id='word_1_124' title='bbox 787 2315 898 2362; x_wconf 90' lang='lat' dir='ltr'><strong>tantum</strong></span> <span class='ocrx_word' id='word_1_125' title='bbox 910 2315 944 2359; x_wconf 88' lang='lat' dir='ltr'><strong>et</strong></span> <span class='ocrx_word' id='word_1_126' title='bbox 962 2306 1089 2378; x_wconf 80' lang='lat' dir='ltr'><strong>sagmina</strong></span> <span class='ocrx_word' id='word_1_127' title='bbox 1105 2307 1271 2362; x_wconf 85' lang='lat' dir='ltr'><strong>defuerunt.</strong></span> 
     </span>
    </p>
   </div>
   <div class='ocr_carea' id='block_1_3' title="bbox 314 2391 1364 2766">
    <p class='ocr_par' dir='ltr' id='par_1_5' title="bbox 315 2391 1272 2567">
     <span class='ocr_line' id='line_1_20' title="bbox 315 2391 1272 2474; baseline 0.001 -21"><span class='ocrx_word' id='word_1_128' title='bbox 315 2399 436 2458; x_wconf 85' lang='lat' dir='ltr'><strong>Certum</strong></span> <span class='ocrx_word' id='word_1_129' title='bbox 455 2410 499 2454; x_wconf 89' lang='lat' dir='ltr'><strong>est</strong></span> <span class='ocrx_word' id='word_1_130' title='bbox 524 2400 640 2473; x_wconf 90' lang='lat' dir='ltr'><strong>quidem</strong></span> <span class='ocrx_word' id='word_1_131' title='bbox 670 2400 739 2454; x_wconf 59' lang='lat' dir='ltr'><strong>÷P·c</strong></span> <span class='ocrx_word' id='word_1_132' title='bbox 782 2411 810 2454; x_wconf 86' lang='lat' dir='ltr'><strong>et</strong></span> <span class='ocrx_word' id='word_1_133' title='bbox 837 2401 1031 2456; x_wconf 82' lang='lat' dir='ltr'><strong>inexcusabile</strong></span> <span class='ocrx_word' id='word_1_134' title='bbox 1050 2401 1129 2474; x_wconf 91' lang='lat' dir='ltr'><strong>quod</strong></span> <span class='ocrx_word' id='word_1_135' title='bbox 1146 2391 1272 2469; x_wconf 61' lang='lat' dir='ltr'><strong>iube&#39;tisj</strong></span> 
     </span>
     <span class='ocr_line' id='line_1_21' title="bbox 315 2493 1114 2567; baseline 0.001 -20"><span class='ocrx_word' id='word_1_136' title='bbox 315 2494 368 2548; x_wconf 84' lang='lat' dir='ltr'><strong>sed</strong></span> <span class='ocrx_word' id='word_1_137' title='bbox 386 2493 436 2547; x_wconf 92' lang='lat' dir='ltr'><strong>ille</strong></span> <span class='ocrx_word' id='word_1_138' title='bbox 455 2493 496 2548; x_wconf 86' lang='lat' dir='ltr'><strong>sic</strong></span> <span class='ocrx_word' id='word_1_139' title='bbox 514 2495 623 2548; x_wconf 87' lang='lat' dir='ltr'><strong>accitus</strong></span> <span class='ocrx_word' id='word_1_140' title='bbox 640 2503 702 2559; x_wconf 91' lang='lat' dir='ltr'><strong>est,</strong></span> <span class='ocrx_word' id='word_1_141' title='bbox 721 2504 865 2564; x_wconf 85' lang='lat' dir='ltr'><strong>tamquam</strong></span> <span class='ocrx_word' id='word_1_142' title='bbox 883 2509 983 2566; x_wconf 83' lang='lat' dir='ltr'><strong>posset</strong></span> <span class='ocrx_word' id='word_1_143' title='bbox 1000 2511 1114 2567; x_wconf 83' lang='lat' dir='ltr'><strong>negare.</strong></span> 
     </span>
    </p>

    <p class='ocr_par' dir='ltr' id='par_1_6' title="bbox 314 2587 1364 2766">
     <span class='ocr_line' id='line_1_22' title="bbox 369 2587 1364 2661; baseline 0.001 -19"><span class='ocrx_word' id='word_1_144' title='bbox 369 2589 407 2646; x_wconf 91' lang='lat'><strong>11.</strong></span> <span class='ocrx_word' id='word_1_145' title='bbox 433 2590 527 2644; x_wconf 81' lang='lat' dir='ltr'><strong>Adte</strong></span> <span class='ocrx_word' id='word_1_146' title='bbox 547 2591 653 2650; x_wconf 80' lang='lat' dir='ltr'><strong>etiam,</strong></span> <span class='ocrx_word' id='word_1_147' title='bbox 689 2589 864 2642; x_wconf 86' lang='lat' dir='ltr'><strong>venerahilis</strong></span> <span class='ocrx_word' id='word_1_148' title='bbox 886 2587 1049 2661; x_wconf 82' lang='lat' dir='ltr'><strong>imperator</strong></span> <span class='ocrx_word' id='word_1_149' title='bbox 1075 2594 1138 2659; x_wconf 80' lang='lat' dir='ltr'><strong>(a),</strong></span> <span class='ocrx_word' id='word_1_150' title='bbox 1175 2589 1272 2643; x_wconf 88' lang='lat' dir='ltr'><strong>laudis</strong></span> <span class='ocrx_word' id='word_1_151' title='bbox 1363 2615 1364 2628; x_wconf 54' lang='grc' dir='ltr'>ι</span> 
     </span>
     <span class='ocr_line' id='line_1_23' title="bbox 314 2671 1363 2766; baseline 0.002 -30"><span class='ocrx_word' id='word_1_152' title='bbox 314 2681 398 2738; x_wconf 83' lang='lat' dir='ltr'><strong>iatius</strong></span> <span class='ocrx_word' id='word_1_153' title='bbox 434 2700 543 2738; x_wconf 83' lang='lat' dir='ltr'><strong>summa</strong></span> <span class='ocrx_word' id='word_1_154' title='bbox 577 2671 734 2736; x_wconf 75' lang='lat' dir='ltr'><strong>rel&#39;ercnda</strong></span> <span class='ocrx_word' id='word_1_155' title='bbox 761 2693 823 2766; x_wconf 24' lang='lat' dir='ltr'><strong>vest.</strong></span> <span class='ocrx_word' id='word_1_156' title='bbox 884 2685 912 2737; x_wconf 89' lang='lat' dir='ltr'><strong>Is</strong></span> <span class='ocrx_word' id='word_1_157' title='bbox 948 2686 1024 2738; x_wconf 90' lang='lat' dir='ltr'><strong>enim</strong></span> <span class='ocrx_word' id='word_1_158' title='bbox 1057 2683 1269 2756; x_wconf 82' lang='lat' dir='ltr'><strong>rempublicam</strong></span> <span class='ocrx_word' id='word_1_159' title='bbox 1362 2723 1363 2738; x_wconf 57' lang='grc' dir='ltr'>ι</span> 
     </span>
    </p>
   </div>
   <div class='ocr_carea' id='block_1_4' title="bbox 275 2901 1276 3380">
    <p class='ocr_par' dir='ltr' id='par_1_7' title="bbox 275 2901 1276 3380">
     <span class='ocr_line' id='line_1_24' title="bbox 275 2901 1275 2965; baseline 0.001 -17"><span class='ocrx_word' id='word_1_160' title='bbox 275 2927 277 2935; x_wconf 40' lang='grc' dir='ltr'>ι</span> <span class='ocrx_word' id='word_1_161' title='bbox 351 2904 390 2962; x_wconf 87' lang='lat'><strong>(1)</strong></span> <span class='ocrx_word' id='word_1_162' title='bbox 414 2903 519 2948; x_wconf 84' lang='lat' dir='ltr'><strong>Causam</strong></span> <span class='ocrx_word' id='word_1_163' title='bbox 548 2915 597 2947; x_wconf 87' lang='lat' dir='ltr'><strong>cur</strong></span> <span class='ocrx_word' id='word_1_164' title='bbox 618 2901 782 2965; x_wconf 81' lang='lat' dir='ltr'><strong>Symmachus</strong></span> <span class='ocrx_word' id='word_1_165' title='bbox 804 2912 875 2964; x_wconf 86' lang='lat' dir='ltr'><strong>pater</strong></span> <span class='ocrx_word' id='word_1_166' title='bbox 900 2903 1028 2950; x_wconf 84' lang='lat' dir='ltr'><strong>secesserit</strong></span> <span class='ocrx_word' id='word_1_167' title='bbox 1054 2905 1085 2952; x_wconf 89' lang='lat' dir='ltr'><strong>ab</strong></span> <span class='ocrx_word' id='word_1_168' title='bbox 1103 2905 1171 2952; x_wconf 83' lang='lat' dir='ltr'><strong>Urbe</strong></span> <span class='ocrx_word' id='word_1_169' title='bbox 1188 2912 1275 2950; x_wconf 81' lang='lat' dir='ltr'><strong>narrat</strong></span> 
     </span>
     <span class='ocr_line' id='line_1_25' title="bbox 315 2967 1276 3034; baseline 0.001 -16"><span class='ocrx_word' id='word_1_170' title='bbox 315 2973 463 3020; x_wconf 78' lang='lat' dir='ltr'><strong>Ammianus</strong></span> <span class='ocrx_word' id='word_1_171' title='bbox 480 2987 551 3018; x_wconf 84' lang='lat' dir='ltr'><strong>xxvu.</strong></span> <span class='ocrx_word' id='word_1_172' title='bbox 572 2967 595 3019; x_wconf 80' lang='grc'><strong>3.</strong></span> <span class='ocrx_word' id='word_1_173' title='bbox 631 2972 821 3034; x_wconf 79' lang='lat' dir='ltr'><strong>S„ymmachus</strong></span> <span class='ocrx_word' id='word_1_174' title='bbox 838 2974 982 3034; x_wconf 81' lang='lat' dir='ltr'><strong>Aproniano</strong></span> <span class='ocrx_word' id='word_1_175' title='bbox 999 2975 1058 3028; x_wconf 82' lang='lat' dir='ltr'><strong>(seu</strong></span> <span class='ocrx_word' id='word_1_176' title='bbox 1075 2976 1167 3034; x_wconf 84' lang='lat' dir='ltr'><strong>potius</strong></span> <span class='ocrx_word' id='word_1_177' title='bbox 1188 2970 1276 3024; x_wconf 83' lang='lat' dir='ltr'><strong>Volu-</strong></span> 
     </span>
     <span class='ocr_line' id='line_1_26' title="bbox 317 3037 1272 3108; baseline -0.002 -17.918"><span class='ocrx_word' id='word_1_178' title='bbox 317 3043 443 3096; x_wconf 69' lang='lat' dir='ltr'><strong>„sicum</strong></span> <span class='ocrx_word' id='word_1_179' title='bbox 489 3039 525 3094; x_wconf 89' lang='lat' dir='ltr'><em>V</em></span> <span class='ocrx_word' id='word_1_180' title='bbox 548 3041 690 3092; x_wconf 80' lang='lat' dir='ltr'><strong>torsinum</strong></span> <span class='ocrx_word' id='word_1_181' title='bbox 715 3039 748 3090; x_wconf 81' lang='lat' dir='ltr'><strong>de</strong></span> <span class='ocrx_word' id='word_1_182' title='bbox 775 3037 870 3108; x_wconf 79' lang='lat' dir='ltr'><strong>Praef</strong></span> <span class='ocrx_word' id='word_1_183' title='bbox 901 3038 1116 3101; x_wconf 73' lang='lat' dir='ltr'><strong>Urhlsuceessit</strong></span> <span class='ocrx_word' id='word_1_184' title='bbox 1135 3038 1175 3105; x_wconf 85' lang='lat' dir='ltr'><strong>(in</strong></span> <span class='ocrx_word' id='word_1_185' title='bbox 1192 3057 1272 3103; x_wconf 81' lang='lat' dir='ltr'><strong>prae·</strong></span> 
     </span>
     <span class='ocr_line' id='line_1_27' title="bbox 310 3075 1273 3192; baseline -0.003 -34.892"><span class='ocrx_word' id='word_1_186' title='bbox 310 3075 457 3176; x_wconf 48' lang='lat' dir='ltr'><strong>,Tsectura</strong></span> <span class='ocrx_word' id='word_1_187' title='bbox 473 3108 590 3171; x_wconf 80' lang='lat' dir='ltr'><strong>urbana)</strong></span> <span class='ocrx_word' id='word_1_188' title='bbox 611 3109 677 3156; x_wconf 84' lang='lat' dir='ltr'><strong>inter</strong></span> <span class='ocrx_word' id='word_1_189' title='bbox 699 3109 833 3172; x_wconf 86' lang='lat' dir='ltr'><strong>praecipua</strong></span> <span class='ocrx_word' id='word_1_190' title='bbox 860 3111 1027 3156; x_wconf 84' lang='lat' dir='ltr'><strong>nominandus</strong></span> <span class='ocrx_word' id='word_1_191' title='bbox 1052 3111 1163 3192; x_wconf 78' lang='lat' dir='ltr'><strong>exempla</strong></span> <span class='ocrx_word' id='word_1_192' title='bbox 1180 3109 1273 3156; x_wconf 83' lang='lat' dir='ltr'><strong>doctri·</strong></span> 
     </span>
     <span class='ocr_line' id='line_1_28' title="bbox 311 3179 1269 3240; baseline -0.003 -13.879"><span class='ocrx_word' id='word_1_193' title='bbox 311 3194 437 3235; x_wconf 81' lang='lat' dir='ltr'><strong>„narum</strong></span> <span class='ocrx_word' id='word_1_194' title='bbox 464 3189 538 3240; x_wconf 86' lang='lat' dir='ltr'><strong>atque</strong></span> <span class='ocrx_word' id='word_1_195' title='bbox 566 3179 719 3234; x_wconf 82' lang='lat' dir='ltr'><strong>modestiae,</strong></span> <span class='ocrx_word' id='word_1_196' title='bbox 749 3194 798 3239; x_wconf 91' lang='lat' dir='ltr'><strong>quo</strong></span> <span class='ocrx_word' id='word_1_197' title='bbox 824 3179 932 3224; x_wconf 86' lang='lat' dir='ltr'><strong>instante</strong></span> <span class='ocrx_word' id='word_1_198' title='bbox 950 3180 1015 3226; x_wconf 87' lang='lat' dir='ltr'><strong>Urbs</strong></span> <span class='ocrx_word' id='word_1_199' title='bbox 1033 3181 1196 3228; x_wconf 86' lang='lat' dir='ltr'><strong>sacratissima</strong></span> <span class='ocrx_word' id='word_1_200' title='bbox 1215 3179 1269 3224; x_wconf 89' lang='lat' dir='ltr'><strong>otio</strong></span> 
     </span>
     <span class='ocr_line' id='line_1_29' title="bbox 310 3247 1268 3314; baseline 0 -20"><span class='ocrx_word' id='word_1_201' title='bbox 310 3247 475 3312; x_wconf 87' lang='lat' dir='ltr'><strong>„copiisque</strong></span> <span class='ocrx_word' id='word_1_202' title='bbox 503 3249 670 3300; x_wconf 81' lang='lat' dir='ltr'><strong>abuudantius</strong></span> <span class='ocrx_word' id='word_1_203' title='bbox 697 3247 770 3294; x_wconf 85' lang='lat' dir='ltr'><strong>solito</strong></span> <span class='ocrx_word' id='word_1_204' title='bbox 798 3247 933 3294; x_wconf 79' lang='lat' dir='ltr'><strong>fruebatur.</strong></span> <span class='ocrx_word' id='word_1_205' title='bbox 983 3251 1142 3314; x_wconf 86' lang='lat' dir='ltr'><strong>Consumptis</strong></span> <span class='ocrx_word' id='word_1_206' title='bbox 1170 3247 1268 3309; x_wconf 82' lang='lat' dir='ltr'><strong>aliquot</strong></span> 
     </span>
     <span class='ocr_line' id='line_1_30' title="bbox 312 3316 1270 3380; baseline -0.002 -16"><span class='ocrx_word' id='word_1_207' title='bbox 312 3353 330 3376; x_wconf 89' lang='lat'><em>„</em></span> <span class='ocrx_word' id='word_1_208' title='bbox 349 3318 420 3364; x_wconf 88' lang='lat' dir='ltr'><strong>anuis</strong></span> <span class='ocrx_word' id='word_1_209' title='bbox 438 3319 541 3364; x_wconf 90' lang='lat' dir='ltr'><strong>domum</strong></span> <span class='ocrx_word' id='word_1_210' title='bbox 561 3318 613 3364; x_wconf 86' lang='lat' dir='ltr'><strong>eius</strong></span> <span class='ocrx_word' id='word_1_211' title='bbox 630 3318 657 3364; x_wconf 91' lang='lat' dir='ltr'><strong>in</strong></span> <span class='ocrx_word' id='word_1_212' title='bbox 682 3316 858 3364; x_wconf 87' lang='lat' dir='ltr'><strong>transtiberino</strong></span> <span class='ocrx_word' id='word_1_213' title='bbox 877 3327 957 3364; x_wconf 90' lang='lat' dir='ltr'><strong>tractu</strong></span> <span class='ocrx_word' id='word_1_214' title='bbox 974 3317 1169 3380; x_wconf 84' lang='lat' dir='ltr'><strong>pulcherrimam</strong></span> <span class='ocrx_word' id='word_1_215' title='bbox 1186 3318 1270 3364; x_wconf 90' lang='lat' dir='ltr'><strong>incen-</strong></span> 
     </span>
    </p>
   </div>
   <div class='ocr_carea' id='block_1_5' title="bbox 310 3379 1357 3514">
    <p class='ocr_par' dir='ltr' id='par_1_8' title="bbox 310 3379 1357 3514">
     <span class='ocr_line' id='line_1_31' title="bbox 311 3379 1357 3451; baseline -0.003 -18"><span class='ocrx_word' id='word_1_216' title='bbox 311 3422 328 3443; x_wconf 92' lang='lat'><em>„</em></span> <span class='ocrx_word' id='word_1_217' title='bbox 348 3388 439 3434; x_wconf 90' lang='lat' dir='ltr'><strong>derunt</strong></span> <span class='ocrx_word' id='word_1_218' title='bbox 462 3387 563 3451; x_wconf 80' lang='lat' dir='ltr'><strong>(ingrati</strong></span> <span class='ocrx_word' id='word_1_219' title='bbox 582 3387 656 3444; x_wconf 81' lang='lat' dir='ltr'><strong>cives)</strong></span> <span class='ocrx_word' id='word_1_220' title='bbox 674 3402 703 3433; x_wconf 91' lang='lat' dir='ltr'><strong>ea</strong></span> <span class='ocrx_word' id='word_1_221' title='bbox 721 3402 747 3432; x_wconf 93' lang='lat' dir='ltr'><strong>re</strong></span> <span class='ocrx_word' id='word_1_222' title='bbox 763 3387 862 3449; x_wconf 79' lang='lat' dir='ltr'><strong>perciti,</strong></span> <span class='ocrx_word' id='word_1_223' title='bbox 881 3388 947 3449; x_wconf 91' lang='lat' dir='ltr'><strong>quod</strong></span> <span class='ocrx_word' id='word_1_224' title='bbox 965 3387 1019 3434; x_wconf 88' lang='lat' dir='ltr'><strong>vilis</strong></span> <span class='ocrx_word' id='word_1_225' title='bbox 1038 3390 1140 3450; x_wconf 86' lang='lat' dir='ltr'><strong>quidam</strong></span> <span class='ocrx_word' id='word_1_226' title='bbox 1157 3386 1271 3450; x_wconf 85' lang='lat' dir='ltr'><strong>plebeius</strong></span> <span class='ocrx_word' id='word_1_227' title='bbox 1356 3379 1357 3382; x_wconf 26' lang='lat'>¹</span> 
     </span>
     <span class='ocr_line' id='line_1_32' title="bbox 310 3455 1356 3514; baseline -0.004 -11"><span class='ocrx_word' id='word_1_228' title='bbox 310 3491 329 3514; x_wconf 86' lang='lat'><em>„</em></span> <span class='ocrx_word' id='word_1_229' title='bbox 346 3457 474 3511; x_wconf 81' lang='lat' dir='ltr'><strong>infixerat,</strong></span> <span class='ocrx_word' id='word_1_230' title='bbox 504 3457 577 3504; x_wconf 89' lang='lat' dir='ltr'><strong>illum</strong></span> <span class='ocrx_word' id='word_1_231' title='bbox 600 3457 698 3510; x_wconf 77' lang='lat' dir='ltr'><strong>dixisse,</strong></span> <span class='ocrx_word' id='word_1_232' title='bbox 717 3457 769 3502; x_wconf 86' lang='lat' dir='ltr'><strong>sine</strong></span> <span class='ocrx_word' id='word_1_233' title='bbox 787 3457 871 3502; x_wconf 86' lang='lat' dir='ltr'><strong>indice</strong></span> <span class='ocrx_word' id='word_1_234' title='bbox 889 3455 941 3504; x_wconf 90' lang='lat' dir='ltr'><strong>ullo</strong></span> <span class='ocrx_word' id='word_1_235' title='bbox 959 3456 1001 3502; x_wconf 92' lang='lat' dir='ltr'><strong>vel</strong></span> <span class='ocrx_word' id='word_1_236' title='bbox 1019 3468 1090 3511; x_wconf 84' lang='lat' dir='ltr'><strong>teste,</strong></span> <span class='ocrx_word' id='word_1_237' title='bbox 1109 3456 1225 3503; x_wconf 81' lang='lat' dir='ltr'><strong>libentius</strong></span> <span class='ocrx_word' id='word_1_238' title='bbox 1243 3471 1272 3500; x_wconf 82' lang='lat' dir='ltr'><strong>se</strong></span> <span class='ocrx_word' id='word_1_239' title='bbox 1355 3455 1356 3458; x_wconf 72' lang='grc'>’</span> 
     </span>
    </p>
   </div>
   <div class='ocr_carea' id='block_1_6' title="bbox 309 3524 1302 3922">
    <p class='ocr_par' dir='ltr' id='par_1_9' title="bbox 309 3524 1302 3922">
     <span class='ocr_line' id='line_1_33' title="bbox 310 3524 1273 3592; baseline -0.003 -19"><span class='ocrx_word' id='word_1_240' title='bbox 310 3562 329 3583; x_wconf 83' lang='grc'><strong>,,</strong></span> <span class='ocrx_word' id='word_1_241' title='bbox 347 3527 405 3576; x_wconf 84' lang='lat' dir='ltr'><strong>vino</strong></span> <span class='ocrx_word' id='word_1_242' title='bbox 426 3529 531 3592; x_wconf 87' lang='lat' dir='ltr'><strong>proprio</strong></span> <span class='ocrx_word' id='word_1_243' title='bbox 555 3524 673 3572; x_wconf 87' lang='lat' dir='ltr'><strong>calcarias</strong></span> <span class='ocrx_word' id='word_1_244' title='bbox 692 3527 879 3581; x_wconf 82' lang='lat' dir='ltr'><strong>exstincturum,</strong></span> <span class='ocrx_word' id='word_1_245' title='bbox 906 3542 981 3588; x_wconf 86' lang='lat' dir='ltr'><strong>quam</strong></span> <span class='ocrx_word' id='word_1_246' title='bbox 999 3527 1023 3572; x_wconf 90' lang='lat' dir='ltr'><strong>id</strong></span> <span class='ocrx_word' id='word_1_247' title='bbox 1042 3527 1199 3574; x_wconf 83' lang='lat' dir='ltr'><strong>venditurum</strong></span> <span class='ocrx_word' id='word_1_248' title='bbox 1217 3539 1273 3586; x_wconf 87' lang='lat' dir='ltr'><strong>pre-</strong></span> 
     </span>
     <span class='ocr_line' id='line_1_34' title="bbox 311 3593 1302 3659; baseline -0.002 -16.92"><span class='ocrx_word' id='word_1_249' title='bbox 311 3597 404 3652; x_wconf 84' lang='lat' dir='ltr'><strong>„,tiis</strong></span> <span class='ocrx_word' id='word_1_250' title='bbox 440 3598 530 3658; x_wconf 87' lang='lat' dir='ltr'><strong>quihus</strong></span> <span class='ocrx_word' id='word_1_251' title='bbox 558 3595 740 3656; x_wconf 85' lang='lat' dir='ltr'><strong>sperabatur,</strong></span> <span class='ocrx_word' id='word_1_252' title='bbox 776 3597 853 3642; x_wconf 89' lang='lat' dir='ltr'><strong>Porro</strong></span> <span class='ocrx_word' id='word_1_253' title='bbox 861 3595 1047 3657; x_wconf 85' lang='lat' dir='ltr'><strong>Symmachum</strong></span> <span class='ocrx_word' id='word_1_254' title='bbox 1066 3606 1162 3659; x_wconf 85' lang='lat' dir='ltr'><strong>patrem</strong></span> <span class='ocrx_word' id='word_1_255' title='bbox 1187 3593 1272 3655; x_wconf 87' lang='lat' dir='ltr'><strong>siquid</strong></span> <span class='ocrx_word' id='word_1_256' title='bbox 1295 3629 1302 3634; x_wconf 86' lang='lat'><strong>.</strong></span> 
     </span>
     <span class='ocr_line' id='line_1_35' title="bbox 313 3663 1269 3726; baseline -0.002 -14"><span class='ocrx_word' id='word_1_257' title='bbox 313 3666 335 3712; x_wconf 88' lang='lat' dir='ltr'><strong>ei</strong></span> <span class='ocrx_word' id='word_1_258' title='bbox 364 3675 416 3712; x_wconf 88' lang='lat' dir='ltr'><strong>erat</strong></span> <span class='ocrx_word' id='word_1_259' title='bbox 442 3667 504 3720; x_wconf 90' lang='lat' dir='ltr'><strong>otii,</strong></span> <span class='ocrx_word' id='word_1_260' title='bbox 532 3665 558 3712; x_wconf 90' lang='lat' dir='ltr'><strong>id</strong></span> <span class='ocrx_word' id='word_1_261' title='bbox 577 3663 665 3710; x_wconf 88' lang='lat' dir='ltr'><strong>litteris</strong></span> <span class='ocrx_word' id='word_1_262' title='bbox 683 3663 852 3724; x_wconf 87' lang='lat' dir='ltr'><strong>impendisse,</strong></span> <span class='ocrx_word' id='word_1_263' title='bbox 875 3681 975 3726; x_wconf 88' lang='lat' dir='ltr'><strong>prorsus</strong></span> <span class='ocrx_word' id='word_1_264' title='bbox 993 3677 1092 3712; x_wconf 87' lang='lat' dir='ltr'><strong>constat</strong></span> <span class='ocrx_word' id='word_1_265' title='bbox 1109 3681 1137 3711; x_wconf 84' lang='lat' dir='ltr'><strong>ex</strong></span> <span class='ocrx_word' id='word_1_266' title='bbox 1154 3663 1269 3710; x_wconf 83' lang='lat' dir='ltr'><strong>eiusdem</strong></span> 
     </span>
     <span class='ocr_line' id='line_1_36' title="bbox 309 3733 952 3798; baseline -0.005 -15"><span class='ocrx_word' id='word_1_267' title='bbox 309 3735 419 3798; x_wconf 85' lang='lat' dir='ltr'><strong>Epistola</strong></span> <span class='ocrx_word' id='word_1_268' title='bbox 437 3736 468 3782; x_wconf 89' lang='lat' dir='ltr'><strong>ad</strong></span> <span class='ocrx_word' id='word_1_269' title='bbox 486 3733 565 3779; x_wconf 83' lang='lat' dir='ltr'><strong>filium</strong></span> <span class='ocrx_word' id='word_1_270' title='bbox 584 3733 670 3794; x_wconf 87' lang='lat' dir='ltr'><strong>(Epist.</strong></span> <span class='ocrx_word' id='word_1_271' title='bbox 686 3734 781 3796; x_wconf 86' lang='lat' dir='ltr'><strong>Symm.</strong></span> <span class='ocrx_word' id='word_1_272' title='bbox 800 3733 853 3780; x_wconf 90' lang='lat' dir='ltr'><strong>Lib.</strong></span> <span class='ocrx_word' id='word_1_273' title='bbox 872 3735 891 3780; x_wconf 94' lang='lat' dir='ltr'><strong>l.</strong></span> <span class='ocrx_word' id='word_1_274' title='bbox 911 3743 952 3784; x_wconf 70' lang='lat'><strong>2).</strong></span> 
     </span>
     <span class='ocr_line' id='line_1_37' title="bbox 344 3799 1275 3869; baseline 0.001 -18"><span class='ocrx_word' id='word_1_275' title='bbox 344 3808 384 3863; x_wconf 78' lang='lat' dir='ltr'><strong>(a)</strong></span> <span class='ocrx_word' id='word_1_276' title='bbox 401 3803 516 3864; x_wconf 81' lang='lat' dir='ltr'><strong>Intellige</strong></span> <span class='ocrx_word' id='word_1_277' title='bbox 542 3800 747 3848; x_wconf 86' lang='lat' dir='ltr'><strong>Valentinianum</strong></span> <span class='ocrx_word' id='word_1_278' title='bbox 776 3803 921 3860; x_wconf 84' lang='lat' dir='ltr'><strong>seniorem</strong></span> <span class='ocrx_word' id='word_1_279' title='bbox 950 3799 997 3852; x_wconf 80' lang='lat' dir='ltr'><strong>&#39;sub</strong></span> <span class='ocrx_word' id='word_1_280' title='bbox 1025 3821 1075 3869; x_wconf 90' lang='lat' dir='ltr'><strong>quo</strong></span> <span class='ocrx_word' id='word_1_281' title='bbox 1093 3803 1191 3852; x_wconf 83' lang='lat' dir='ltr'><strong>videtur</strong></span> <span class='ocrx_word' id='word_1_282' title='bbox 1211 3812 1275 3852; x_wconf 80' lang='lat' dir='ltr'><strong>nuta</strong></span> 
     </span>
     <span class='ocr_line' id='line_1_38' title="bbox 309 3871 791 3922; baseline -0.004 0"><span class='ocrx_word' id='word_1_283' title='bbox 309 3875 406 3922; x_wconf 68' lang='lat' dir='ltr'><strong>coenan</strong></span> <span class='ocrx_word' id='word_1_284' title='bbox 424 3871 498 3920; x_wconf 84' lang='lat' dir='ltr'><strong>huius</strong></span> <span class='ocrx_word' id='word_1_285' title='bbox 517 3871 644 3918; x_wconf 85' lang='lat' dir='ltr'><strong>Orationis</strong></span> <span class='ocrx_word' id='word_1_286' title='bbox 662 3871 791 3920; x_wconf 88' lang='lat' dir='ltr'><strong>dicendae.</strong></span> 
     </span>
    </p>
   </div>
   <div class='ocr_carea' id='block_1_7' title="bbox 0 0 1372 4792">
    <p class='ocr_par' dir='ltr' id='par_1_10' title="bbox 0 0 1372 4792">
     <span class='ocr_line' id='line_1_39' title="bbox 0 0 1372 4792; baseline 0 1"><span class='ocrx_word' id='word_1_287' title='bbox 0 0 1372 4792; x_wconf 95' lang='lat' dir='ltr'><strong> </strong></span> 
     </span>
    </p>
   </div>
  </div>
 </body>
</html>
