2734 4792
424 461 650 512 nnseunurvn
923 525 927 538 ¹
980 447 1026 520 dr,

68 629 135 699 plus
163 629 326 692 lucentem,
372 643 446 698 quae
474 627 505 680 in
534 625 630 682 medio
662 627 821 686 constituta
837 655 839 662 >
847 644 1025 698 gemmarum

69 739 153 775 suum
172 719 260 772 vincit
275 729 419 802 ornatarm.

77 878 79 882 ι
104 814 158 867 lll.
175 815 230 880 ,En
260 830 377 866 cemsca
404 815 507 881 sedes,
544 831 630 885 quern
658 814 738 868 divas
773 814 855 868 India
883 816 1022 884 miretur,

69 909 169 962 Persis
218 917 358 980 gemmata
401 907 608 974 concelebret,
661 909 799 980 Hispania
839 910 943 964 nevilis
979 915 1024 980 (a)

72 1005 285 1072 obstupescat,
337 987 400 1053 ubi'
429 1016 529 1054 reseas
572 1001 697 1072 virgines
739 1002 885 1055 intuemur
929 1005 1025 1076 pinnis

68 1095 258 1150 rutilantibus
289 1094 385 1156 alatas¹
413 1097 483 1164 (ι),
520 1095 619 1166 quales
656 1111 811 1166 pomposas
842 1095 928 1148 decet
958 1115 1022 1152 esse

67 1188 215 1242 victorias.
254 1189 497 1263 ¹lllargaritarum
528 1189 598 1260 quin
635 1187 722 1256 etiarn
755 1189 865 1240 lacteae
897 1207 1022 1244 coronae

68 1285 150 1337 llexis
198 1299 281 1335 aure
319 1281 433 1334 circulis
484 1282 677 1351 pulcherrima
721 1281 899 1336 rotunditate
949 1283 1023 1337 clau·

70 1377 188 1430 dunum.
241 1375 289 1428 Sic
307 1369 337 1428 in
355 1392 446 1446 opera
464 1385 515 1431 tuo
534 1375 649 1432 videtur
672 1376 822 1448 positum,
865 1377 1024 1448 quodsola
1068 1354 1074 1364 .

70 1471 194 1524 felicitas
213 1479 343 1554 meretur
361 1469 397 1521 ad
415 1469 581 1541 praemium.
703 1524 705 1528 ,
979 1467 985 1477 ⁸

106 1565 160 1618 lV.
189 1561 340 1632 Hyacinthi
361 1545 405 1630 (a)
437 1578 552 1636 quoqpe
581 1573 674 1616 taetra
701 1563 766 1616 luce
796 1563 942 1620 vibrantes
960 1583 1036 1620 cum-

66 1655 227 1714 luminibus
270 1641 354 1708 claris
400 1645 503 1709 mixtas
543 1667 702 1710 cernuntur
737 1653 862 1712 emiear'e
897 1658 1024 1727 nigredi-

67 1773 133 1808 nec.
191 1749 301 1804 Prasiai
320 1751 360 1817 (c)
389 1749 677 1803 tremula‘viriditate
702 1740 878 1817 conludunt,
919 1751 1024 1821 lychni-

67 1861 118 1903 tac
153 1854 272 1899 vomunt
306 1841 427 1915 frigidas
460 1843 608 1906 flammas,
668 1843 802 1912 hispanae
828 1844 1024 1916 .sanguineos

67 1943 183 1996 coleres
204 1941 370 1992 'emanantz
426 1949 455 1991 et
486 1955 542 1992 una
578 1937 732 2008 dispositio
764 1948 813 1992 tua
848 1948 893 1992 tot
929 1937 1025 1990 diade-

69 2047 148 2096 mata
165 2033 296 2099 conficit,
323 2032 398 2104 quae
416 2037 533 2084 cunctas
551 2030 649 2084 mundi
668 2030 797 2084 dominas
834 2067 1023 2088 .....
1032 2011 1035 2018 ’

72 2131 226 2188 sidereum
246 2129 290 2195 (a)
310 2125 455 2197 quoddam
467 2165 484 2190 ,.
506 2160 513 2175 .
535 2161 571 2176 ..
601 2134 667 2177 sunt
688 2163 694 2176 .
717 2162 724 2176 .
745 2162 753 2175 .
773 2161 781 2177 .
799 2106 911 2196 inpigre
931 2161 938 2178 .
959 2162 966 2176 .
987 2161 1023 2184 ..

71 2238 201 2299 perenne
220 2255 345 2272 .....
378 2205 457 2291 qued
486 2235 545 2272 non
564 2255 708 2271 ......
739 2230 868 2290 praestat
904 2229 1025 2277 aestate.

71 2321 182 2390 Nam„
210 2326 218 2384 t
245 2349 253 2364 .
279 2312 328 2384 qui
355 2352 361 2364 .
390 2342 398 2364 a
425 2350 432 2363 .
459 2330 493 2364 re
513 2349 520 2364 .
542 2352 548 2370 .
570 2349 577 2364 .
599 2350 606 2364 .
637 2311 733 2382 peculi
757 2313 939 2368 altitudinem
959 2351 966 2368 .

70 2413 192 2488 propria
219 2419 264 2462 est
290 2408 429 2461 intentam
456 2405 640 2459 dulcedinem
665 2443 673 2458 .
702 2445 709 2458 .
737 2445 744 2458 .
774 2406 930 2459 .=‘merites
960 2423 1033 2470 esse·

73 2515 229 2576 conspectu
256 2541 264 2556 .
292 2537 299 2554 .
329 2541 336 2554 .
364 2541 373 2558 .
402 2493 499 2554 essent
614 2537 651 2555 ..
684 2502 727 2553 sol
748 2499 883 2570 aperibat
903 2534 910 2548 .
932 2533 940 2549 .

43 2625 49 2634 ·
74 2597 183 2656 summa
207 2637 213 2652 .
243 2634 250 2648 .
283 2633 291 2648 .
318 2634 326 2649 .
354 2610 470 2664 semper
499 2592 557 2646 illic
582 2591 667 2662 vquod
694 2608 809 2662 semper
847 2591 1025 2644 laudaretur.

73 2693 215 2748 Videmus
242 2687 317 2765 cnlm
338 2723 343 2738 .
366 2727 373 2742 .
394 2723 400 2737 .
424 2721 431 2740 .
459 2686 499 2738 de
527 2685 659 2737 relucent
686 2684 716 2736 in
745 2683 866 2738 amictae
894 2686 935 2740 lat
971 2725 980 2742 .
1017 2723 1025 2744 .

383 2891 503 2968 Reliqua
521 2897 718 2970 desideranter.

478 3043 622 3053 ..a-...—

91 3095 134 3145 ,(ιι)
146 3091 180 3131 Itu
192 3089 299 3148 Catippa
316 3085 406 3128 nobilia.
439 3083 474 3138 (b)
489 3084 543 3125 Coa.
561 3081 701 3136 hyacaintni.
732 3084 767 3134 (e)
787 3081 841 3123 coa.
860 3083 987 3134 prasinae,
1004 3090 1028 3126 at

71 3143 172 3194 superius
185 3151 284 3193 praemi.
1042 3198 1045 3202 .

76 3213 1026 3240 ...ΝΜ-ΠΨ·-
1089 3215 1091 3222 ’

105 3298 147 3353 (t)
164 3293 229 3342 Nota
248 3291 342 3339 cultum
359 3290 481 3352 vispinum
499 3289 674 3348 Hispanarum.
711 3286 818 3332 Videtur
836 3295 919 3332 autem
935 3283 1028 3330 Orator

70 3388 194 3455 peculiari
219 3385 299 3432 studio
327 3383 429 3430 laudare
453 3379 606 3441 Hispaniam.
652 3377 684 3424 Et
702 3376 854 3428 Claudianus
873 3376 974 3438 quidem
992 3359 1026 3428 di

71 3484 160 3548 Napi.
178 3479 281 3532 Honor·
297 3490 322 3530 et
335 3475 415 3528 Mar.
427 3494 447 3522 v.
466 3473 511 3535 4ο.
530 3475 591 3520 dicit
608 3475 725 3520 Serenam
743 3470 857 3522 sublime
876 3469 956 3522 dacus
972 3483 1025 3532 tor·
1048 3537 1050 3544 Ι

20 3601 21 3624 ι
71 3573 246 3627 rentislderi.
268 3573 330 3622 Tum
348 3572 414 3618 idem
426 3569 536 3618 iulans
555 3567 612 3617 Ser.
632 3566 686 3613 luce
696 3566 842 3628 Hispaniam
860 3563 1043 3626 concelebrat.

70 3685 137 3734 quae
157 3664 311 3720 flaccillam
326 3662 505 3728 Mariamque
521 3658 597 3712 dedit
613 3658 802 3724 pulchramque
813 3657 950 3710 Serenam.

21 3689 23 3824 i
104 3768 144 3838 (a)
167 3761 302 3814 sideream
331 3757 392 3804 dicit
416 3757 533 3804 Serenam
561 3751 712 3799 Claudianus
731 3748 765 3815 de
791 3748 879 3815 Nupt.
906 3749 978 3804 Heu.
1001 3765 1028 3805 et

22 3853 24 3940 l
68 3851 230 3913 1’Manain
266 3857 331 3904 ltem
350 3853 425 3936 Laus
444 3849 500 3902 Ser.
521 3857 577 3914 ²¹9·
613 3849 677 3899 lum
699 3844 777 3914 Epist
792 3844 830 3899 ad
841 3843 902 3898 Ser·
918 3839 963 3902 58.
