2734 4792
533 459 536 465 .
559 443 576 473 0.
652 463 654 468 ,
847 471 849 474 ,

322 493 363 552 28
556 510 680 557 carnus
703 511 739 552 rr
760 507 1034 563 vennurrumumr

371 675 476 728 XXIV.
507 674 618 728 Canaut
643 675 692 728 alii
710 689 784 747 quac
802 680 980 745 supersunt.
1020 685 1074 740 ego
1098 669 1183 723 testis
1209 669 1273 722 fun·
1340 661 1341 680 ¹

318 787 374 844 gor
400 770 508 828 officio.
556 769 610 823 lbo
637 787 691 840 per
714 770 828 832 urbes,
861 767 910 819 ibo
939 781 993 836 per
1020 763 1147 835 populos
1167 765 1273 816 iaetan-

319 865 379 918 tior
407 865 518 918 victore
550 863 677 917 laudato.
731 864 833 916 Dicam
869 859 982 914 senatui
1012 859 1151 931 plebique
1180 875 1272 910 roma-

318 975 395 1025 nae,
432 958 562 1012 fasces'
555 975 585 1010 m
613 956 774 1028 provincias
805 973 893 1009 novas
924 953 1053 1019 mittite,
1090 964 1169 1006 trans
1198 952 1272 1004 Rhe·

317 1070 386 1106 num
411 1052 521 1105 iudices
545 1061 734 1126 praeparatae
782 1051 827 1104 De
856 1061 885 1103 tc
911 1059 1031 1118 autem,
1070 1048 1207 1100 Gratiana
1225 1063 1274 1098 ve-

317 1145 473 1212 nerabilis,
510 1149 637 1200 narrabo
662 1145 803 1218 grandia,
840 1144 893 1199 sed
924 1143 1074 1219 spondebo
1091 1141 1199 1194 maiora
1217 1143 1273 1208 (ι).

318 1241 399 1296 Sciet
446 1241 526 1295 ·RP·
564 1243 691 1313 geminis
733 1257 764 1293 se
811 1241 979 1293 custodibus
1014 1251 1089 1292 esse
1112 1235 1274 1301 munitam,

318 1335 372 1390 aed
399 1335 481 1405 quasi
507 1336 556 1388 uni
589 1353 652 1390 csse
680 1327 864 1387 munificam·
902 1335 957 1387 sub
992 1333 1131 1386 communi
1165 1331 1271 1400 stipen-

320 1425 368 1482 dio
399 1427 473 1480 duos
510 1428 660 1497 Principes
691 1427 842 1480 militare.
878 1426 978 1498 plures
1012 1425 1199 1480 necessitates
1228 1427 1273 1492 (α)

317 1522 450 1578 laborum
485 1539 548 1578 esse
584 1539 669 1594 quam
707 1533 881 1592 sumptuum.
953 1521 1056 1574 Felicis
1088 1522 1131 1589 (b)
1163 1521 1273 1574 saeculi

317 1614 375 1668 ista
403 1615 593 1670 commoditas
622 1627 688 1682 est,
729 1616 869 1688 obsequia
903 1617 1021 1688 utrique
1058 1617 1153 1669 iuncta
1186 1633 1275 1687 prae

317 1708 411 1776 bere,
449 1720 479 1763 et
502 1710 644 1764 beneficia
671 1710 761 1772 divisa
792 1709 956 1781 percipere.
1010 1709 1207 1763 Moderatum
1229 1720 1273 1762 cst

318 1805 395 1876 quod
429 1807 568 1878 penditur
603 1809 670 1876 (n),
723 1808 791 1877 quia
826 1805 931 1859 simul
946 1807 1080 1873 sumitis3
1135 1804 1274 1875 arnplissi·

317 1917 394 1953 mum
424 1901 502 1971 quod
530 1901 668 1972 geritur,
705 1900 773 1970 quia
791 1900 924 1952 certatim
943 1903 1026 1954 ambo
1046 1894 1245 1970 piaestutisc
1220 1903 1271 1968 (c.)

368 1982 460 2048 XXV.
498 1996 613 2072 Quanto
658 1996 775 2064 parcior
812 1997 902 2074 vestri
939 1997 1062 2050 numinis
1097 1996 1191 2049 cultus
1228 2008 1274 2050 est

319 2104 405 2160 quam
438 2088 595 2141 Deorum?
634 2088 694 2140 lllis
733 2085 844 2161 singula
881 2069 990 2162 templa
1029 2089 1207 2158 fundantur,
1242 2103 1272 2146 et

318 2199 370 2237 sua
401 2185 504 2252 cuique
530 2182 664 2234 locantur
693 2178 805 2236 altaria.
856 2183 946 2248 lnde,
976 2195 1009 2236 ut
1034 2185 1185 2253 arbitror,
1215 2205 1271 2240 ma·

317 2276 435 2329 luerunt
468 2275 597 2344 dispares
630 2275 723 2340 ritus,
760 2291 795 2326 nc
829 2273 859 2326 in
886 2277 1066 2329 consortium
1086 2289 1270 2348 cogerentur

319 2368 396 2422 Nulli
423 2385 486 2420 cum
506 2367 604 2428 altero
633 2367 676 2418 fas
709 2377 753 2430 est
780 2366 877 2420 dicare
902 2369 1045 2437 pulvinar.
1100 2373 1184 2426 Hunc
1215 2374 1271 2444 fry-

318 2461 381 2533 gins
407 2462 525 2516 antistes
553 2463 714 2534 placat)
668 2465 735 2530 (cl),
774 2463 848 2514 hunc
874 2464 1015 2534 pontifex.
1076 2465 1144 2557 Illas
1176 2479 1271 2523 castae

318 2566 425 2610 matres
452 2560 492 2624 (a)
520 2567 640 2638 tuentur
667 2561 756 2632 aras,
788 2559 839 2610 has
865 2559 987 2612 infulata
1016 2561 1099 2633 virgo
1133 2565 1270 2618 custodit.

319 2650 511 2721 Sumpserunt
536 2652 653 2715 nomina
678 2651 794 2704 diversa
820 2662 865 2706 tot
889 2653 1081 2738 ssaminesff
1111 2677 1187 2722 ‚ne
1205 2677 1270 2730 pos·

318 2753 384 2795 sent
418 2743 471 2796 Dis
504 2743 637 2816 pluribus
676 2761 739 2798 esse
775 2731 950 2800 communes.
1002 2751 1097 2823 lpsas
1132 2754 1270 2810 nobilium

305 2941 1282 2974 ···-···-Q-—ffi-—ffl———lm

342 3036 379 3085 (u)
397 3034 453 3076 Cod.
470 3035 652 3086 accersiretur
654 3034 748 3088 meod
759 3037 909 3091 sellarum)
928 3038 982 3078 Cod.
999 3045 1139 3090 praestares.
1154 3043 1192 3094 (d)
1214 3043 1268 3085 eod

317 3105 688 3165 Nunefrigiusantistesplagat
702 3113 736 3164 (e)
750 3111 810 3152 eoa.
820 3111 912 3153 matris
926 3112 962 3166 (f)
971 3112 1024 3155 cot
1029 3112 1143 3164 flaminis.
1191 3170 1193 3174 .

717 3239 827 3252 ··-

350 3347 390 3406 (1)
416 3345 583 3393 Undecimum
609 3347 704 3395 seilicet
730 3349 818 3412 agebat
844 3350 931 3398 aetatis
963 3367 1057 3398 annum
1086 3353 1222 3400 Gratianus
1240 3353 1266 3399 in

150 3434 154 3442 '
232 3435 235 3452 '
316 3440 447 3516 consulatu
474 3440 547 3488 tertio
568 3443 678 3503 parentis
701 3443 888 3500 Valentiniani,
918 3463 932 3492 a
950 3447 1099 3508 quondictus
1117 3457 1170 3492 erat
1187 3451 1268 3511 Augu·

309 3543 367 3600 ⁸stus
385 3535 463 3582 tribus
481 3545 539 3582 ante
556 3536 645 3590 annis,
676 3553 765 3601 nempe
783 3541 902 3588 octennis.

349 3629 389 3686 (a)
405 3630 476 3674 Hanc
505 3627 604 3678 laudem
631 3641 714 3693 aperte
742 3633 920 3681 Valentiniano
947 3635 1035 3682 tribuit
1052 3634 1200 3702 Ammianus
1219 3653 1268 3683 xxx.

316 3733 340 3786 9.
374 3721 424 3776 „ln
446 3721 624 3783 provinciales,
651 3709 851 3790 inquitparcus,
868 3730 1018 3776 tributorum
1044 3730 1137 3792 ubique
1152 3729 1268 3776 molliens
1291 3742 1293 3757 ¹

315 3815 469 3874 „sarcinare
514 3815 594 3864 Aliter
618 3827 702 3868 tament
720 3837 745 3868 se
762 3823 837 3886 gessit
855 3834 963 3871 extremo
982 3824 1021 3869 sui
1040 3825 1138 3886 imperii
1158 3835 1269 3887 tempere

317 3907 524 3967 Valentinianus,
542 3913 645 3960 testibus
654 3917 746 3964 endem
764 3919 898 3966 Ammiano
915 3935 967 3967 xxx.
986 3910 1009 3968 5.
1028 3927 1055 3966 et
1070 3919 1170 3967 zosimo
1188 3934 1219 3967 u.
