2734 4792
351 471 523 516 sumonnn·
547 471 720 516 avcvsrvn
744 456 785 514 11·
992 459 1031 541 nt)

84 633 209 688 divisore
252 644 363 705 gentes.
435 635 569 689 Pinarios
613 637 755 690 Hercules
792 639 944 709 occupavit
980 641 1034 709 ().

83 726 152 780 ldea
181 728 278 780 Mater
302 723 374 799 legit
398 729 531 800 ¹hospites
556 729 706 802 Scipiones
726 735 781 802 (n).
836 729 972 786 Veneriis
992 736 1036 806 (a)

81 821 171 874 sacris
206 822 344 875 famulata
381 835 424 876 est
460 823 559 878 domus
595 825 668 878 Iulia
705 826 759 894 (3).
815 827 925 880 Orbem
959 844 1035 898 pene

80 914 175 984 ipsum
211 926 343 986 sumptus
370 917 504 984 defecit,
538 918 606 987 quia
634 920 727 973 cultim
754 921 886 991 inplevit.
934 921 1036 975 Vestri

80 1006 195 1077 imperii
235 1008 331 1062 iuncta
355 1009 507 1081 frugalitas
528 1011 596 1076 est,
631 1012 756 1068 discreta
782 989 950 1085 magistratu
978 1017 1034 1086 (b).
1065 1067 1070 1078 ,

80 1101 154 1180 Nam
182 1102 392 1173 quodammodo
423 1104 496 1158 duos
523 1111 656 1174 putamus
686 1122 750 1159 esse
776 1108 826 1177 qui
851 1103 953 1178 regitis
969 1111 1035 1176 (c),

78 1213 143 1250 oum
163 1195 235 1252 duos
254 1199 379 1254 sentiant
396 1199 446 1271 qui
464 1201 605 1254 resistunt
624 1203 679 1270 (4).

319 1384 481 1451 Expliciunt
500 1385 610 1438 [audes
628 1389 794 1452 posteriores

244 1480 284 1528 ·in
302 1476 528 1530 Valentinianum
545 1479 681 1530 Seniorem
698 1483 859 1550 Angustum.

104 1777 141 1828 (α)
155 1776 187 1816 lta
202 1774 256 1816 eod.
273 1747 387 1817 Penestis.
406 1775 441 1830 (h)
457 1777 511 1820 Cod.
524 1778 598 1832 magis
611 1792 679 1828 casu,
694 1781 728 1820 cui
741 1781 857 1820 videbatur
868 1783 1035 1834 supponendum

78 1850 226 1904 magistratu.
254 1851 288 1903 (c)
306 1850 360 1892 Cod.
380 1864 434 1890 nam
462 1853 631 1904 quodammodo
655 1852 679 1892 in
706 1851 773 1893 vodis
794 1859 904 1905 putamur
927 1855 1036 1919 epse-qui

78 1937 188 1978 regamur.

114 2133 153 2188 (1)
170 2131 320 2177 Potitiorum
338 2127 433 2178 familii
451 2127 576 2184 extincti,
607 2145 675 2175 sacra
694 2127 810 2176 Herculis
828 2144 905 2191 penes
923 2131 1035 2180 Pinarios

79 2223 199 2270 resedisse
220 2226 296 2270 tradit
313 2225 428 2271 Aurelius
445 2225 534 2272 Victor
552 2223 583 2269 de
601 2223 669 2286 Orig.
688 2224 719 2270 G.
739 2226 767 2270 n.
787 2213 839 2286 cap.
857 2217 882 2271 8.
919 2225 983 2272 Vide
1002 2226 1035 2272 de

78 2334 107 2363 en
135 2318 302 2380 praerogativa
329 2319 476 2364 Potitiorum
501 2328 527 2364 et
553 2318 710 2366 Pinariorum
737 2318 834 2364 Livium
850 2320 870 2364 1.
888 2329 912 2381 7.
930 2320 1033 2384 Dionys.

78 2409 159 2458 Εἷς.
178 2414 197 2458 Ι,
215 2409 257 2474 40.
277 2414 341 2459 Tum
358 2410 506 2478 Eclhelium
517 2411 602 2457 Doctr.
620 2427 689 2457 num.
708 2419 753 2456 vet.
772 2412 841 2458 Tem.
861 2405 884 2458 ὅ.
902 2415 929 2460 in
947 2411 1034 2466 Gento
1114 2431 1117 2438 ·

77 2504 197 2556 Pinaria·
255 2499 259 2508 ’
676 2571 677 2576 1

112 2601 151 2668 (2)
175 2600 261 2663 Quum
287 2601 368 2648 Mater
394 2602 453 2647 ldea
470 2601 525 2657 (seu
542 2574 628 2658 Idaea)
655 2598 802 2646 Pessinunte
820 2597 916 2647 Ostiam
934 2600 1035 2650 advecta

80 2703 160 2748 esset,
178 2695 203 2740 P.
221 2694 303 2756 Scipio
322 2697 367 2742 Cn.
387 2695 452 2742 lilius
469 2695 533 2752 (eius
551 2693 593 2755 qui
612 2693 638 2740 in
656 2693 776 2756 Hispania
794 2695 929 2754 ceciderat)
946 2697 1034 2744 Roma·

79 2804 170 2834 norum
189 2787 297 2850 optimus
314 2790 446 2844 iudicatus,
464 2789 612 2836 auctoritate
639 2787 740 2850 publica
766 2788 796 2836 ad
814 2790 894 2836 Deam
912 2787 1034 2851 excipien-

78 2884 137 2929 dam
156 2881 248 2928 electus
266 2893 309 2930 est.
344 2883 410 2929 Vide
426 2883 523 2930 Livium
541 2897 602 2929 rxtx.
623 2875 666 2928 ιι.γ
681 2891 706 2928 et
724 2857 779 2942 tlp.¹

113 2972 153 3046 (3)
169 2975 234 3026 Iulia
252 2967 343 3040 quippe
360 2975 455 3024 familia
473 2977 504 3024 ad
522 2979 647 3039 Venerem
665 2977 703 3024 sui
720 2977 817 3041 generis
835 2977 956 3040 originem
974 2977 1034 3024 rete·

76 3071 155 3120 rebat.
900 3070 903 3076 ’

111 3166 151 3232 (4)
168 3169 264 3230 Nempe
292 3179 369 3228 quum
387 3166 470 3214 hostes
488 3166 566 3214 nostri
585 3167 647 3212 duos
665 3181 717 3212 esse
734 3166 898 3228 Imperatores
916 3179 1033 3213 romanos

49 3240 51 3244 .
78 3263 193 3308 sentiant.
228 3263 293 3310 Nam
310 3261 501 3308 Valentinianus
517 3261 687 3313 Gratianum,
718 3259 763 3306 etsi
780 3275 900 3321 puerum,
918 3257 945 3304 in
963 3253 1034 3304 belli·

78 3356 113 3404 cis
131 3354 329 3420 expeditionibus
347 3357 442 3404 socium
459 3354 576 3402 habebat.
610 3357 666 3401 Am.
687 3369 758 3404 xxrtt.
781 3365 821 3400 to.

460 3613 649 3636 w
