2730 4804
321 505 385 550 vni
695 488 901 544 no1r0n1s

321 686 368 732 est
391 685 427 733 ut
448 671 526 738 liner
548 677 621 753 ipsa
642 673 732 752 apud
753 686 786 732 te
803 672 917 750 culpae
933 663 1093 756 consessio
1108 671 1273 750 prositod

317 783 432 842 vestiae
443 773 658 866 facilitatem.
681 781 776 869 {laod
797 783 827 840 si
848 781 1008 840 rrovttatis
1031 782 1204 857 impatiens
1223 802 1266 854 es,

316 909 403 948 sume
437 890 477 948 de
495 884 580 973 soro
608 889 767 959 arbitros,
807 887 886 948 milu'
914 909 957 946 on
985 887 1048 947 tibi
1075 889 1148 948 stili
1175 892 1271 950 versia
1299 959 1302 964 ,

273 1010 277 1018 “
316 998 476 1074 poscendo
498 999 550 1057 sit.
596 998 709 1068 Crede,
736 997 873 1056 calculos
896 995 1005 1074 plures
1030 997 1195 1074 merebor,¹
1209 1017 1271 1056 non

318 1125 358 1194 coc
385 1126 486 1186 aequo
517 1118 550 1164 et
576 1105 674 1177 bono,
706 1105 763 1164 sed
788 1104 867 1186 quia
893 1103 1003 1182 plnres
1026 1106 1114 1164 uitiis
1136 1126 1268 1165 commu·

301 1212 407 1272 'uibos
428 1207 565 1296 sanent.
589 1217 722 1294 Itaque,
762 1225 798 1272 ut
827 1215 896 1292 ipse
917 1233 1153 1293 nonnumquam
1176 1233 1271 1288 proe-

316 1321 426 1384 dimn.
463 1332 632 1398 spectator
658 1325 779 1382 veteru
806 1334 950 1380 nzorretoe
980 1319 1065 1380 solus
1086 1339 1268 1398 supersum:

316 1441 438 1487 ceteros
464 1428 672 1488 delinimento
706 1415 832 1488 aurium
868 1433 1008 1508 copirutt.
1063 1429 1136 1487 Stet
1166 1431 1272 1504 igitur

231 1575 233 1579 ,
317 1538 403 1594 inter
427 1556 484 1596 uos
514 1539 733 1616 estrepaeio,
777 1550 813 1597 ut
844 1557 891 1596 nte
920 1537 1049 1618 quidem
1069 1537 1158 1595 iuvet
1178 1549 1272 1596 ortu·

316 1645 415 1731 statis
428 1645 592 1722 exemplar
609 1646 648 1704 de
660 1643 865 1724 autographo
881 1658 937 1704 tuo
957 1664 1089 1714 sumere,
1115 1656 1147 1702 te
1163 1657 1271 1704 autem

316 1761 379 1810 uon
401 1753 568 1830 poeniteat
585 1756 782 1829 scriptorum
804 1739 941 1812 meorum
954 1745 1057 1838 ferre
1077 1755 1268 1811 noviacum.

318 1853 402 1948 Quis
438 1875 565 1936 reapse·
593 1855 712 1936 probet
747 1852 921 1918 in'altero
963 1854 1182 1917 Valentiniani
1217 1877 1272 1937 pa-

317 1963 468 2045 negyrico
490 1963 598 2022 locum
626 1962 665 2022 de
692 1960 861 2024 fluminum
890 1961 1053 2023 deditione
1077 1961 1151 2032 (nt
1190 1961 1271 2054 Quis

316 2063 352 2131 in
403 2069 549 2130 Gratiani
604 2070 753 2132 laudibus
807 2067 1080 2152 ¹comparationem
1133 2068 1272 2130 duorum

317 2177 467 2260 pontium
521 2176 650 2238 Tiberis
699 2191 731 2238 et
778 2179 885 2238 Rheni
936 2177 1012 2238 satis
1060 2197 1189 2260 gravem
1238 2189 1271 2237 et

318 2283 495 2346 oratoriam
516 2285 676 2347 existimet
693 2285 767 2354 (Μ
807 2285 889 2346 Sunt
910 2305 1012 2367 pauca
1034 2299 1200 2367 praeterea
1223 2285 1271 2344 ni·

316 2391 380 2454 mia
406 2391 586 2480 Symmachi
618 2373 794 2468 κῑιειιηιίῐιει,
840 2391 922 2476 qn'ae
960 2393 1268 2454 commendationem

287 2509 291 2526 “’
315 2500 439 2584 ingenii
479 2519 716 2584 nonnumquam
761 2499 965 2563 subvertunt.
1058 2502 1144 2560 Dum
1185 2501 1270 2560 enim

317 2606 558 2672 admirationem
608 2607 751 2690 undique
801 2620 1033 2686 consectatur3
1106 2607 1183 2668 dum
1230 2607 1269 2667 de

320 2715 467 2776 omnibus
518 2735 674 2786 suorum*
700 2713 889 2797 Principum
933 2715 1029 2799 gestis
1072 2715 1195 2776 sublate
1238 2727 1270 2774 et

246 2849 248 2854 ·
316 2820 475 2906 amplifice
503 2819 610 2882 studet
630 2817 764 2898 dicerc3
801 2821 876 2888 dum
898 2823 972 2882 stilo
995 2823 1170 2904 scriptorio
1193 2845 1269 2905 pro·

316 2947 357 3015 pe
390 2942 553 2991 serutatur
591 2928 766 2989 subiectam
805 2929 993 2999 materiam,
1032 2943 1069 2990 ut
1084 2930 1153 2990 »ubi
1183 2949 1268 2991 com·

317 3034 497 3098 mendabile
526 3036 605 3119 nihil
637 3017 706 3114 est,
746 3037 793 3097 ibi
830 3036 933 3096 laudis
960 3057 1085 3096 causam
1110 3051 1269 3120 ‘quaerat3

317 3143 479 3228 frangitur
509 3143 671 3206 interdum
703 3144 840 3205 dicentis
876 3143 1053 3221 subtilitas,
1094 3157 1147 3205 aut
1177 3165 1269 3230 exag-

318 3265 426 3337 gerata
454 3252 549 3312 altius
577 3252 749 3335 praeconia
764 3263 892 3335 „sponte
922 3265 1090 3314 corruunt.
1152 3252 1270 3346 Quam-

319 3381 413 3444 quam
452 3373 561 3442 aperta
593 3361 673 3423 vitia
708 3341 784 3420 raro
816 3357 986 3420 admodum
1015 3360 1049 3420 in
1080 3361 1269 3440 Symmacho

224 3481 228 3490 “
319 3467 472 3530 invenias.
524 3469 668 3552 Namque
694 3467 721 3527 is
748 3467 938 3550 plerumque
966 3487 1004 3528 eo
1037 3481 1161 3530 tantum
1193 3491 1273 3551 pro-

318 3575 489 3661 greditur,
541 3574 599 3636 uhi
643 3597 716 3636 sana
754 3575 937 3657 eloquentia
979 3576 1102 3636 versari
1140 3589 1270 3658 potest:

319 3683 363 3744 ita
394 3696 526 3758 tamen,
579 3694 615 3742 ut
646 3679 673 3740 si
707 3677 904 3763 aliquantum
935 3684 1135 3759 excesseris,
1178 3697 1211 3745 te
1237 3685 1272 3745 in

269 3845 279 3856 „
320 3789 463 3851 deterius
497 3789 684 3871 prolapsum
721 3789 825 3850 statim
863 3790 991 3850 sentias.
1056 3793 1166 3874 Itaque
1205 3815 1272 3854 non

311 3902 1278 3932 Wffl-——t——fflm

354 3931 435 3986 (nr.
456 3935 552 3975 20-21.
588 3930 628 3990 (a)
645 3932 670 3978 P.
689 3923 792 3982 tto-os.
890 3933 921 4003 j
