2734 4792
976 437 1019 501 n

105 623 184 738 ·Q·
227 574 457 706 Avium
501 621 806 707 SVMMACHI
852 609 989 705 uso·

365 829 369 834 ·
453 828 636 876 navens
689 820 732 862 ·'

230 961 284 1031 'IN
318 969 579 1038 GRATIANVM
608 971 854 1038 AVGVSTVM

101 1215 138 1231 ..
162 1211 169 1226 ·
192 1211 198 1226 .
221 1173 243 1228 1.
270 1173 459 1250 sollemnibus
488 1173 626 1245 copulare
646 1177 702 1242 (1).
756 1173 816 1232 Sed
838 1173 932 1246 prima
956 1173 1025 1225 mihi

67 1269 232 1322 devotionis
261 1284 347 1321 cansa
371 1269 537 1341 peragenda
570 1279 624 1326 est.
681 1269 788 1322 Libens
821 1285 909 1322 aurea
944 1275 1024 1320 sume

65 1363 256 1430 munuscula,
294 1363 343 1438 qui
361 1364 430 1420 talia
447 1376 582 1436 tempora
601 1365 785 1436 praestitisti.
836 1365 921 1420 Salve
939 1365 1025 1418 nobis

66 1459 176 1512 saeculi
201 1475 267 1530 spes
292 1469 412 1529 peracta
431 1463 501 1526 (a),
542 1469 571 1512 et
602 1461 631 1512 in
656 1459 768 1531 gremlo
794 1461 874 1514 ·1l¹P·
902 1459 1025 1513 nutricis
1079 1493 1082 1502 ι

65 1552 221 1618 adolesce‚
257 1543 369 1604 laetitia
401 1554 621 1624 praesentium,
658 1555 798 1608 securitas
825 1565 1023 1624 posterorum.

65 1648 114 1698 An
152 1663 206 1718 ege
242 1664 349 1700 vereor
379 1664 417 1700 ne
453 1648 482 1700 in
511 1650 727 1703 adulescentem
756 1651 899 1720 gratiosus
930 1649 1027 1702 existi·

64 1757 154 1805 mer,
193 1740 274 1794 cuius
305 1739 429 1812 primum
448 1751 493 1793 est
518 1739 694 1810 stipendium
718 1738 922 1812 principatus?
954 1739 1026 1793 Tuis

66 1841 149 1885 certe
168 1831 304 1904 auspiciis
324 1831 396 1886 disci
414 1847 530 1903 semper
548 1833 645 1900 trium-1
678 1870 685 1884 .
715 1874 722 1888 .
754 1869 760 1883 .
792 1871 805 1892 .,
833 1870 841 1884 .
871 1872 879 1886 .
908 1871 916 1885 .
944 1869 951 1884 .
979 1870 987 1885 .
1014 1869 1022 1884 .
1047 1849 1049 1856 ·

116 2022 155 2075 ll.
185 2022 227 2086 'Ee
256 2021 372 2092 imperii
404 2019 595 2074 candidatum
624 2031 692 2091 toga
719 2021 798 2092 picta
827 2020 941 2074 vestivit
967 2024 1044 2091 (u).⁴

68 2113 170 2185 Neque
200 2113 277 2166 enim
302 2111 381 2165 aliud
409 2122 563 2182 expectare
594 2112 651 2164 iam
688 2123 807 2182 poteras
836 2114 885 2185 qui
919 2133 935 2167 a
959 2133 1025 2185 per-

66 2207 154 2260 fectis
182 2205 344 2258 honoribus
374 2204 538 2267 inchoabas,
582 2200 731 2257 ¹Vidimus
766 2205 797 2258 in
831 2206 911 2261 sellis
941 2225 1025 2262 curu-

18 2323 19 2328 *
65 2302 145 2354 libus
184 2287 303 2352 novum
321 2299 443 2364 lumen,
480 2299 649 2354 clementiae
687 2301 819 2370 auspices
858 2303 1024 2356 incruentas

66 2411 208 2470 secures,
245 2391 361 2446 virtutis
396 2393 491 2446 cunina
519 2396 549 2446 in
584 2393 711 2448 fascibus
728 2394 902 2462 laureatis,
932 2398 1025 2457 maie·

67 2489 162 2544 statis'
180 2489 332 2562 augurium
360 2487 404 2556 (d)
438 2487 468 2540 in
499 2487 603 2560 aquilis
634 2488 810 2558 Scipionum.
857 2491 938 2543 Tunc
965 2493 1025 2562 pri·

66 2601 146 2637 mum
180 2583 306 2636 forensis
346 2581 489 2634 industria
527 2581 591 2652 lege
633 2579 776 2652 qnondam
817 2581 926 2635 silentii
960 2583 1026 2638 snb-

67 2677 166 2747 iugata
195 2657 307 2727 liberos
333 2673 432 2726 oculos
464 2672 500 2726 ad
530 2669 611 2726 tuum
638 2672 765 2726 tribunal
796 2675 898 2728 crexit.
952 2677 1025 2731 Cum
1063 2731 1065 2738 ,

66 2770 96 2823 in
128 2767 305 2838 amplissimo
341 2769 512 2839 magistratu
547 2768 662 2821 illustre
700 2768 838 2839 quiddam
874 2781 904 2825 et
941 2772 1025 2827 dulce

782 2916 1025 2931 u*-

89 2956 129 3008 (α)
145 2955 200 2995 uod.
217 2961 312 3008 perata.
339 2955 373 3010 (b)
388 2956 441 2997 coa.
455 2955 585 2998 maiestatis
598 2957 691 2998 aurium
707 2957 732 2998 in
743 2958 858 3012 aliquilis.

104 3113 144 3171 (1)
169 3114 199 3158 In
222 3129 271 3176 qua
295 3113 385 3175 pagina
410 3113 528 3172 desinunt
544 3077 646 3162 incudes
663 3116 812 3178 posteriores
829 3115 857 3162 in
874 3115 1027 3166 Valentinia-

69 3223 141 3260 num,
165 3207 193 3252 in
220 3208 308 3254 eadem
325 3208 451 3271 incipiunt
467 3209 564 3256 Laudes
581 3211 608 3256 in
627 3209 793 3264 Gratianum,
830 3211 873 3258 sed
890 3211 994 3257 mutilae
1011 3228 1027 3258 a

68 3300 193 3364 principio
222 3301 280 3362 quia
310 3301 413 3348 sortasse
435 3305 601 3350 Amanuensis
635 3302 724 3349 litteris
753 3304 889 3350 maioribus
918 3304 1027 3353 exordiri

70 3396 190 3457 scripturn
217 3394 347 3457 cogitabat.
391 3396 450 3442 Eius
474 3397 571 3458 generis
596 3395 698 3442 lacunas
716 3412 788 3460 saepe
804 3397 853 3443 vidi
872 3398 898 3442 in
917 3398 1027 3461 antiquis

71 3489 207 3537 codicibus.
258 3491 375 3540 Ceterum
394 3491 508 3553 exiguam
526 3485 801 3553 partem’Laudationis
819 3489 968 3540 exordientis
986 3493 1026 3542 de·

69 3598 129 3638 esse,
147 3585 208 3647 ipsa,
227 3593 255 3630 ut
273 3584 332 3639 dixi,
349 3585 439 3648 pagina
459 3585 539 3632 dccet.
821 3579 825 3587 ’
881 3565 883 3572 ,
973 3576 976 3580 ⁸

101 3681 141 3738 (a)
158 3680 281 3742 Loquitur
298 3679 460 3744 Symmachus
488 3681 519 3727 de
547 3681 629 3744 primo
650 3679 767 3730 Gratiani
791 3679 931 3739 consulatu,
949 3701 1024 3748 quem

60 3773 142 3833 ‘gessit
159 3775 283 3838 septennis
302 3791 369 3824 anno
388 3773 432 3824 ch.
451 3791 573 3832 cccrum,
604 3791 694 3842 nempe
710 3772 776 3824 annc'
796 3778 963 3830 anuinium
979 3781 1025 3829 im·

67 3867 172 3926 perium.
