2734 4792
345 479 512 524 eumenen
534 477 706 522 sueverunt
726 459 769 528 ll.
1000 476 1039 537 27

89 646 224 700 universa
250 647 421 716 decerpere.
471 631 588 698 Debent
611 642 665 696 tibi
684 641 799 713 ingenia
817 639 945 694 omnium
963 639 1043 724 quod

89 740 226 792 locuntur
244 743 324 806 (ald
348 739 440 792 Sonet
466 739 543 808 apud
567 750 597 792 te
614 737 736 792 libertas
763 735 889 790 forensis
916 734 1043 808 eloquii,

86 851 175 904 quam
209 833 318 886 dudum
361 834 472 886 exulem
507 832 700 885 tribunalibus
735 829 899 884 reddidisti.
973 831 1046 884 Ruri

75 928 229 993 emeritus
258 927 400 998 torpebat·
428 938 528 980 orator
551 929 619 998 (t):
660 920 765 998 quibus
802 923 967 996 facundiam
998 943 1047 980 na·

92 1033 158 1076 tura
184 1020 326 1086 dederat,
363 1020 491 1074 osticium
518 1021 561 1074 vis
593 1019 727 1090 negabat.
781 1019 930 1088 Nusquam
954 1021 1047 1075 maius

87 1117 261 1182 silentium,
288 1132 384 1186 ·quam
413 1117 443 1168 in
461 1116 595 1168 sacrariis
623 1115 797 1178 litterarum.
847 1114 928 1167 Idem
952 1116 1049 1171 varias

76 1211 197 1270 uastatis
226 1210 340 1264 tacendi
373 1211 491 1264 morbus
525 1210 695 1282 urguebat3
748 1227 814 1264 cum
849 1208 1050 1281 incipientium

93 1304 190 1358 studia
220 1305 316 1358 brevis
353 1305 417 1361 finis
452 1315 584 1372 artaret,
615 1305 764 1376 peritiam
785 1285 920 1358 'veterum
948 1305 1051 1358 desue·

92 1400 165 1452 tudo
207 1400 292 1471 longa
338 1409 553 1471 conrumperet.
625 1399 742 1452 Exitum
790 1399 886 1452 litium
929 1401 1052 1470 regebat

95 1505 226 1548 eventus.
274 1492 352 1571 Quid
378 1493 454 1544 enim
485 1493 520 1544 dc
547 1503 667 1546 auctore
691 1495 735 1562 (b)
764 1496 1049 1567 praesumeres·(c),

95 1589 126 1640 iu
152 1605 211 1659 quo
238 1587 310 1638 hae'c
338 1595 449 1638 tantum
476 1603 543 1656 spes
572 1597 655 1653 erat,
690 1589 769 1658 quod
787 1605 850 1642 cum
868 1589 971 1659 peiore
990 1607 1052 1643 cer·

95 1679 205 1734 tabat?
244 1678 304 1738 Nec
328 1676 535 1734 ,dubitabamus
565 1695 629 1731 enm
659 1683 725 1751 plus
764 1682 795 1734 in
833 1683 957 1752 negotiis
987 1699 1054 1754 pro·
1079 1681 1085 1721 l

21 1763 24 1770 ’
96 1772 252 1846 sequendis
292 1770 400 1850 habere
436 1771 631 1844 prudentiae,
676 1773 725 1844 qui
754 1775 870 1828 soleret
904 1757 1085 1830 consilium*

96 1887 113 1923 a
142 1867 340 1922 desinentibus
369 1867 529 1938 postulare.
583 1867 663 1920 llaec
696 1867 786 1931 alieni
818 1869 959 1940 temporis
991 1871 1055 1925 ¹vul·
1085 1862 1087 1871 ’

97 1981 169 2016 nera
205 1963 234 2015 in
270 1940 464 2016 Alamannicis
510 1961 735 2030 contenplantur
770 1963 929 2016 excubiis
981 1965 1055 2020 Cum
1139 1958 1141 1962 ¹

98 2059 230 2128 alligares
265 2073 365 2111 manus
400 2055 552 2120 hostium,
599 2055 711 2108 solvisti
746 2055 841 2110 vincla
868 2057 1052 2130 linguarum.

124 2151 257 2204 .xxtt1.
294 2149 482 2219 Congruebat
512 2149 567 2215 hoc
597 2151 708 2221 gloriae
740 2161 827 2216 tuas,
872 2155 1055 2225 congruebat
1176 2161 1178 2166 '

93 2245 205 2316 ¹vigiliis
245 2245 380 2313 curisque
423 2243 617 2310 sollertibus,
641 2283 644 2289 .
671 2253 715 2312 ut,
745 2246 838 2318 campi
873 2247 988 2318 pariter
1023 2226 1082 2314 ac,⁸

94 2339 157 2392 fori
194 2337 280 2391 laude
317 2336 468 2390 fruereris.
521 2335 623 2414 Nullae
653 2339 723 2390 artis
743 2329 863 2406 silent,
889 2343 979 2396 -nulla
1007 2342 1058 2395 fri·

99 2446 149 2507 get
176 2431 344 2486 industria:
393 2440 496 2482 vacant
529 2448 581 2483 ora
616 2429 754 2502 legibus,
799 2449 878 2486 arma
905 2436 1058 2492 limitibus.

95 2503 159 2594 ,Pir
192 2514 258 2582 fuit*
281 2535 316 2579 'ut
352 2524 538 2596 eloquentiae
574 2541 657 2578 usum
691 2524 854 2593 redderes,
903 2545 968 2581 cum
1002 2530 1059 2583 iam
1127 2551 1131 2562 ·

98 2624 222 2680 totiens·
244 2620 398 2674 scribenda
433 2615 583 2692 gessisses.
636 2618 790 2673 Silentium
826 2621 938 2692 magnis
970 2622 1058 2676 rebus

102 2717 251 2772 inimicum
270 2713 324 2770 est.
370 2716 448 2794 Quid
467 2725 511 2769 est
529 2715 640 2784 gloria,
679 2713 703 2767 si
722 2724 836 2768 tacetur
847 2714 866 2772 l,
898 2715 996 2768 Habes
1014 2727 1060 2771 tot

104 2811 292 2882 testimonia,
319 2801 412 2880 ‘quot
445 2809 491 2876 (d)
530 2808 645 2886 ingenia
679 2807 824 2862 liberasti.
896 2809 1058 2878 invenisti,

104 2905 273 2977 Principum
290 2903 433 2970 maxime,
470 2919 559 2974 genus
578 2903 650 2956 aliut
673 2902 848 2956 laurearum.
919 2891 996 2958 Ilum
1014 2921 1060 2957 or·

103 3003 150 3056 bis
180 3000 221 3070 (e)
251 2981 366 3052 secreta
403 2997 543 3063 rimaris,
589 2998 657 3050 dum
687 2997 718 3050 in
748 2998 893 3052 medulliis
922 2999 966 3075 (J)
996 2978 1061 3052 bar·

104 3098 243 3150 banorum
262 3112 321 3176 non
349 3093 477 3147 tentoria
495 3096 541 3166 (g)
571 3091 624 3146 sed
652 3101 730 3146 tecta
749 3092 925 3161 constituis,
961 3093 1061 3148 trium·

106 3195 168 3248 sum
194 3190 273 3262 pacis
298 3189 394 3266 egisti.
416 3217 421 3236 ·
768 3201 769 3204 ’
950 3177 953 3190 ’

1236 2591 1253 2634 l

109 3445 1067 3470 W

134 3523 218 3578 (a)1ts
239 3519 294 3562 Cod.
313 3518 431 3560 locuntur.
463 3517 499 3568 (b)
516 3516 550 3557 tta
570 3515 617 3557 (lod
634 3489 740 3556 auotois.
770 3515 805 3563 (c)
824 3511 878 3554 Cod.
897 3501 1069 3568 praesumet-is(

111 3581 149 3652 (d)
162 3599 217 3640 θοὰ.
231 3597 301 3651 quod.
316 3596 350 3647 (e)
364 3593 419 3636 Cod.
432 3590 508 3632 artes.
522 3589 610 3646 (f)1ta
623 3591 677 3632 Cod.
692 3585 817 3630 nudantis.
831 3589 866 3642 (g)
881 3586 936 3628 Gud.
947 3587 1063 3629 tentoria.

131 3691 1058 3720 ΝΜ

155 3821 194 3878 (1)
220 3781 288 3865 Rure
314 3811 416 3878 quidem
442 3823 468 3858 se
486 3807 575 3871 degere
600 3804 636 3852 ait
654 3817 727 3874 saepe
745 3801 907 3868 Symmachus
926 3778 1010 3852 orator
1036 3801 1064 3850 in
1087 3780 1094 3804 ‘
1168 3819 1173 3826 ·
1234 3777 1236 3784 ,

110 3911 234 3978 Epistolis.
306 3967 308 3972 Ι
363 3927 367 3934 ·
