2730 4804
311 496 381 588 ,μ’
562 519 686 574 nsvnns
709 530 746 571 tn
766 527 1042 574 vsnnnrtmlnvn

324 694 447 748 munitio
472 695 613 748 firmitati.
661 696 812 772 Querercr
830 695 892 764 (a),
931 694 1041 748 Consul
1059 694 1187 760 invicte,
1216 713 1286 750 nec·

326 789 395 840 dum
419 789 471 842 tihi
497 806 602 860 parere
627 789 743 855 omnia,
771 791 828 842 nisi
859 804 911 854 ea,
940 805 1015 860 quae
1042 787 1177 869 adiuncta
1201 800 1286 856 sunt,

328 882 434 935 scirem
450 883 527 934 facta
546 883 678 938 meliora.
1138 863 1141 870 ¹

362 975 429 1028 ΧΠ.
451 975 593 1042 Consulto
624 974 714 1028 multe
733 984 913 1045 praetereo,
937 989 984 1054 *ne
1005 973 1034 1026 in
1052 976 1186 1046 poeticos
1203 975 1290 1028 flatus

327 1085 427 1124 rerum
455 1072 613 1142 ingentium
640 1071 799 1123 cothurnus
818 1072 864 1136 (b)
883 1079 1026 1138 erumpat.
1074 1071 1168 1125 Unum
1191 1070 1289 1140 eplu·

326 1165 408 1218 ribus
427 1165 497 1217 trita
515 1163 710 1216 insinuatione
730 1163 903 1234 contingam.
938 1149 1100 1228 Rhenum,
1133 1164 1290 1233 numquam

327 1258 447 1314 antehac
479 1268 592 1310 temere
615 1249 809 1326 navigatum,
853 1253 1033 1308 tumentibus
1064 1256 1146 1328 aquis
1183 1257 1290 1308 itinera

326 1362 389 1406 tuta
415 1361 558 1421 portasse.
613 1351 658 1404 lta
688 1351 717 1401 in
744 1367 856 1402 morem
885 1367 957 1402 nexa
993 1350 1105 1421 navigia
1137 1362 1287 1416 constrato

327 1445 456 1515 desuper
497 1447 558 1500 solo
591 1445 738 1515 riparum,
759 1445 864 1496 extima
899 1447 940 1511 (e)
977 1444 1196 1498 momorderunt
1232 1449 1288 1513 (t).

328 1539 422 1593 Unius
455 1539 514 1592 diei
546 1540 664 1610 negotio
700 1539 854 1610 pendentis
892 1539 1041 1592 machinae
1074 1538 1148 1592 ordo
1184 1557 1290 1592 conva-

327 1635 392 1688 luit.
449 1634 532 1688 Ludo
561 1635 684 1706 iocoque
709 1644 852 1688 certatum
880 1645 924 1687 est
956 1651 991 1686 ex
1015 1651 1071 1706 qua
1099 1643 1183 1706 parte
1209 1635 1291 1688 velo·

328 1729 390 1782 cius
426 1729 455 1782 in
492 1746 604 1784 atonem
641 1729 769 1782 medium
804 1729 951 1784 contextio
986 1729 1167 1800 perveniret.
1231 1729 1290 1783 Eat

328 1841 404 1876 nunc
430 1825 537 1878 troiani
566 1824 701 1877 carminis
726 1829 839 1876 'Auctor
866 1823 1020 1888 inlustris,
1058 1833 1088 1876 et
1117 1841 1174 1894 pro
1207 1824 1289 1877 clade

328 1917 514 1988 popularium
540 1919 683 1969 Xanthum
720 1916 809 1984 fingat
834 1917 941 1968 iratum
976 1918 1039 1982 (elz
1091 1926 1216 1972 armates
1245 1933 1290 1969 ea·

330 2010 485 2063 (lareribus
528 2011 619 2063 undas
655 2009 791 2078 Scriptor
826 2010 952 2064 decorus
994 1999 1108 2063 etlttcat.
1163 2011 1292 2064 Nescivit

329 2103 446 2156 flumina
481 2121 569 2175 posse
604 2103 725 2157 frenari.
788 2091 951 2161 Tantumne
986 2105 1077 2158 valuit
1110 2105 1188 2158 rivus
1224 2105 1290 2157 Ilia-

330 2215 400 2262 cus,
439 2197 526 2251 utin
551 2190 687 2250 auxillum
715 2196 839 2250 Vulcani
857 2197 978 2250 llamma
1003 2198 1181 2268 peteretur?
1217 2197 1292 2250 Pro·

328 2291 436 2344 fundus
463 2291 584 2354 didicit,
629 2291 700 2362 quid
729 2277 835 2361 parvus
864 2291 1016 2344 evaserit?
1053 2291 1196 2346 Defensio
1227 2288 1304 2378 ipsa'
1356 2269 1357 2302 ³

330 2384 508 2438 Caelestium
533 2396 584 2439 tuo
610 2384 693 2457 operi
718 2403 776 2439 non
804 2395 937 2438 meretur
961 2387 1091 2457 aequari.
1150 2371 1289 2441 ‘Fluvium

328 2478 491 2532 incendisse
510 2480 637 2534 vindicta
658 2490 719 2545 est,
740 2480 869 2533 calcasse
887 2479 1020 2534 victorin.

331 2601 335 2606 -
363 2573 445 2628 Xlll.
472 2574 644 2640 Utridro,
682 2585 801 2627 aeterne
825 2574 998 2638 Defensor,
1036 2574 1215 2628 conscicntia
1239 2583 1289 2629 tua
1355 2561 1356 2574 ¹

329 2667 422 2720 maior
441 2679 485 2720 cst
504 2671 664 2721 consulatu.
706 2669 840 2736 ¹Habes,
872 2667 951 2738 quod
971 2667 1024 2720 tibi
1044 2671 1119 2722 alter
1137 2682 1289 2739 praestare

327 2778 384 2842 non
410 2759 522 2831 possit,
571 2761 697 2814 animum
734 2761 863 2831 praemio
899 2761 1066 2818 certiorem.
1127 2765 1187 2817 Nec
1222 2765 1288 2817 idco

327 2865 413 2925 putes
449 2854 591 2924 ingratam
629 2871 693 2908 esse
731 2855 958 2926 rempublicam:
993 2855 1048 2908 hoc
1079 2866 1123 2910 est
1152 2857 1182 2910 in
1209 2875 1288 2912 orna-

328 2949 432 3001 mentis
468 2948 601 3012 citilibus
637 2950 811 3015 maximum,
858 2949 937 3020 quod
973 2950 1030 3004 tuis
1069 2950 1182 3006 meritis
1218 2953 1290 3006 fate·
1353 2963 1354 3004 t

328 3059 393 3093 mur
422 3053 584 3113 augustum.
640 3044 692 3097 Sat
716 3055 760 3098 est
790 3045 825 3096 ad
850 3045 1117 3098 remunerationem
1132 3045 1289 3112 beneficii,
1353 3065 1354 3111 t

352 3235 389 3284 (a)
403 3232 457 3272 Cod,
469 3245 606 3284 quaererer.
621 3235 655 3288 (b)
670 3237 724 3277 Cod.
746 3239 871 3276 coturnus.
889 3237 923 3288 (c)
936 3228 991 3279 Cod.
1008 3238 1125 3280 existimo.

327 3311 1293 3344 ·····,··*-····-····-·-·-·—·-·—--—-·—-—-——-—-

343 3409 353 3464 (
359 3413 381 3466 t)
391 3407 506 3455 llhenum
519 3407 621 3454 navibus
633 3425 647 3454 a
655 3409 834 3458 Valentiniano
847 3411 963 3461 iunctum
974 3417 1214 3465 narratdmmianus
1226 3431 1287 3462 xm.

326 3499 350 3562 ⁴.
363 3502 482 3548 si'tnmen
500 3511 613 3564 tempora
631 3515 780 3566 congruunt.
800 3506 892 3553 Confer
903 3509 1019 3555 eumdem
1032 3494 1109 3557 etiam
1132 3525 1204 3558 xxvtt.
1222 3523 1259 3558 ιο.
1351 3525 1352 3583 p

360 3596 400 3652 (²)
427 3594 683 3642 Celeberrima'haec
714 3610 792 3646 exstat
819 3603 929 3648 narratio
952 3603 1017 3665 opud
1046 3606 1186 3652 Homerum
1217 3603 1288 3650 Iliad.

324 3703 373 3735 xm.
393 3681 512 3737 utu-385.
558 3689 686 3736 Xanthum
704 3691 820 3739 videlicet
837 3693 939 3742 fluvium
957 3696 1049 3743 iratum
1068 3698 1162 3745 Achilli
1179 3695 1221 3761 qui
1241 3698 1287 3744 sibi

323 3784 488 3830 Troianorum
513 3784 672 3844 cadaveribus
699 3802 776 3848 aquas
801 3787 942 3850 implesset,
971 3791 1067 3854 impetu
1085 3792 1151 3839 lacto
1172 3793 1288 3840 eumdem

322 3877 440 3924 obruisse.
476 3877 592 3923 Periisset
607 3889 690 3926 autem
710 3880 841 3937 Achilles,
869 3886 998 3933 nisiluntr
1011 3885 1156 3934 Vulcanum
1173 3887 1288 3933 immisis-

321 3982 366 4026 set,
386 3973 428 4034 qui
448 3979 536 4018 exusto
554 3969 628 4018 llurio
647 3976 730 4023 lleroa
748 3977 876 4040 expedivit.
