2730 4804
358 483 526 524 santonum
548 471 724 557 Arsvsrrnr'
746 463 788 522 l‘l·
1011 489 1048 536 21

102 662 161 715 quo
182 645 272 718 magis
297 647 353 699 hoc
382 647 474 700 amice
492 645 557 700 lieri
585 647 783 700 crederemus.
834 647 919 722 Quod
935 647 1057 719 Nigrum

99 739 217 794 fluvium
249 741 332 812 quasi
364 741 509 812 quoddam
546 740 650 812 pignus
677 741 870 812 accepimus,
917 742 973 794 iam
1004 731 1055 796 mi-

96 851 151 886 nus
178 834 284 888 mirum
311 844 355 886 est
386 835 465 904 quod
495 835 549 888 tibi
579 851 681 906 regum
703 835 791 887 liberi
810 853 865 904 pro
884 834 1055 890 foederibus

98 927 275 980 offeruntur.
333 927 392 978 Nec
423 927 565 992 Rhenus,
607 937 641 979 ut
672 927 713 978 ita
748 927 889 993 dixerim,
934 947 1054 985 romana

93 1039 166 1091 pace
198 1022 357 1093 gauderet,
400 1023 455 1075 nisi
484 1040 597 1076 amnem
633 1039 808 1088 convenam,
849 1025 931 1077 velut
968 1027 1051 1080 obse·

94 1119 181 1183 dem,
211 1117 388 1170 tradidisset.

147 1213 173 1264 X
212 1213 395 1267 Ventilcmus
427 1213 524 1284 prisca
557 1221 766 1276 monumenta,
802 1222 967 1265 scrutemur
1001 1231 1049 1268 an·

86 1308 196 1362 ‘nalesz
237 1307 367 1360 invenies
399 1316 574 1360 vetustatem
605 1321 698 1376 paene
735 1305 863 1376 ignaram
899 1307 1050 1362 fluminum

94 1419 168 1474 quae
196 1403 312 1456 tenetis.
367 1402 427 1473 Ipsi
453 1401 496 1454 illi
520 1412 601 1454 rates
630 1399 753 1454 exoticis
778 1402 943 1455 nominibus
962 1403 1050 1456 licen·
1090 1447 1095 1458 ,

93 1508 141 1551 ter
165 1497 285 1562 ornati,
325 1513 390 1547 cum
416 1495 607 1547 ad'indicum
634 1495 755 1562 Gangen
788 1507 817 1549 et
843 1497 1050 1567 Borysthenem

93 1592 253 1661 scythicum
288 1605 405 1640 carmen
441 1587 652 1652 extenderint,
699 1587 821 1660 Nigrum
854 1607 956 1661 parem
990 1609 1047 1643 ma.
1097 1569 1102 1579 ¹

27 1675 30 1680 ¹
90 1685 174 1746 xlmis
204 1681 387 1754 ignoratione
412 1680 561 1749 {siluerunt
587 1683 642 1746 (ι),
687 1663 785 1750 ¹Nunc
813 1683 939 1752 primum
962 1685 1049 1737 victo-

90 1778 144 1843 riis
174 1777 231 1830 tuis
261 1785 396 1829 externus
425 1774 528 1827 lluvius
556 1773 733 1844 publicatur.
797 1775 930 1830 Gaudeat
959 1779 1048 1832 servi·

89 1881 184 1939 tute,
239 1869 370 1942 captivus
412 1868 548 1921 innotuit.
636 1868 798 1922 Elementis
838 1870 1049 1940 quodammodo

89 1966 210 2019 ditatam
251 1981 341 2017 cerno
384 1962 623 2035 rempublicam,
677 1964 723 2016 cui
764 1981 863 2019 amnes
906 1965 1047 2036 incogniti

87 2060 308 2131 mancipantur,
333 2057 492 2129 longinqua
515 2067 596 2110 terra
615 2057 809 2132 coniungitur.
863 2059 940 2121 Dum
965 2060 1047 2112 orbis

87 2153 227 2210 terminos
255 2152 392 2224 quaeris,
429 2151 559 2220 gentium
582 2151 736 2207 sustulisti.
772 2153 881 2206 Parum
910 2153 1047 2224 quiddam

86 2258 208 2300 naturae
233 2255 388 2316 superest,
428 2245 507 2315 quod
525 2244 616 2298 adhuc
634 2247 780 2300 Romanus
798 2246 936 2318 inquirat.
992 2247 1046 2299 Re·

86 2341 146 2394 labi
172 2341 268 2394 credis
295 2338 467 2408 imperium,
501 2338 557 2391 nisi
582 2356 699 2409 semper
717 2341 884 2408 accesserit.
1077 2337 1081 2346 ’

139 2435 191 2489 xt.
221 2433 300 2510 Quid
328 2433 353 2486 si
381 2431 507 2502 impetus
540 2441 607 2484 tuos
637 2431 781 2484 institutio
810 2435 956 2486 moenium
979 2441 1044 2488 'non

85 2528 228 2583 teneret?
267 2527 369 2602 Nescis
393 2523 520 2580 transire
546 2523 684 2578 deserta:
729 2525 908 2596 diligentiam
940 2527 1044 2580 iactan-

84 2623 144 2678 tiae
162 2622 336 2694 praetulisti.
384 2621 456 2673 Nam
484 2619 642 2686 celeritas,
679 2617 773 2673 faniae
798 2619 950 2672 commoda
975 2599 1041 2687 esl3

82 2761 1037 2787 mm.

82 2880 102 2902 „
122 2854 221 2896 tntum,
252 2843 317 2902 qnod
335 2842 388 2902 ipse
412 2857 426 2886 a
443 2839 530 2902 primis
547 2839 665 2885 sunderat
681 2839 812 2900 auspiciis,
841 2840 1041 2902 praeterlabente

82 2955 101 2976 „
121 2920 198 2967 Nicro
216 2917 305 2970 fluvio,
322 2915 456 2979 paullatim
472 2916 586 2962 subverti
603 2931 675 2977 posse
692 2916 816 2962 undarum
834 2916 908 2978 pulsu
925 2919 1040 2972 immani,

81 3032 100 3052 „
120 3006 231 3042 meatum
251 2995 332 3056 ipsum
350 2993 468 3040 aliorsum
486 3003 580 3040 vertere
598 2993 727 3056 cogitavit:
765 3002 790 3038 et
808 2995 925 3053 quaesitis
943 2994 1041 3041 artifici-

82 3107 100 3128 „
119 3072 179 3134 bus‘
193 3072 279 3135 peritis
298 3071 415 3132 aquariae
433 3072 483 3124 rei,
510 3070 660 3132 copiosaque
678 3069 765 3116 militis
783 3086 860 3116 manu
878 3072 984 3118 arduum
1003 3083 1041 3118 est

82 3187 99 3206 „
119 3167 181 3212 opus
198 3151 333 3212 adgressus.
367 3152 415 3197 Per
433 3149 525 3196 multos
543 3149 611 3195 enim
629 3149 681 3194 dies
700 3149 888 3210 compaginatae
906 3149 1001 3196 formae
1024 3165 1039 3194 e

80 3229 249 3284 „roboribus
277 3216 454 3290 conieefaeque
472 3225 505 3274 'in'
522 3227 634 3282 alveum,
663 3228 716 3274 lixis
740 3228 870 3289 refixisque
888 3228 1039 3288 aliquotiens
1071 3235 1075 3244 “

80 3341 97 3360 ‚,
116 3320 195 3368 prope
211 3305 353 3366 ingentibus
371 3305 452 3359 stilis,
470 3303 586 3350 fluctibus
605 3305 694 3350 erectis
712 3305 948 3356 confundebantur,
974 3299 1040 3347 arul-

79 3416 97 3438 „
117 3396 210 3443 raeque
226 3381 248 3426 vi
267 3381 369 3443 gurgitis
386 3380 640 3442 interrumpebantur.
695 3381 763 3425 Vicit
782 3391 864 3426 tamen
880 3378 1038 3440 imperatorie

78 3493 95 3513 „
114 3456 287 3503 vehementior
304 3471 377 3508 cura,
399 3466 424 3502 et
441 3455 559 3518 morigeri
573 3455 661 3501 militis
680 3453 766 3510 labor,
783 3467 869 3501 mento
887 3465 959 3500 tenus
977 3455 1038 3500 dum

78 3571 95 3593 „
115 3549 260 3601 operaretur
284 3554 357 3601 saepe
382 3537 502 3584 demersi:
532 3538 684 3600 tandemque
707 3555 759 3584 non
788 3538 841 3582 sine
869 3537 1037 3598 quorumdem

77 3649 95 3669 „
114 3615 258 3664 discrimine
285 3626 365 3662 castra
392 3615 553 3678 praesidiaria
576 3616 752 3680 inquietudine
772 3616 881 3677 urgentis
899 3617 979 3662 amnis
997 3631 1036 3663 ex-

73 3726 94 3748 ,‚
113 3705 212 3756 empta,
242 3709 310 3742 nunc
326 3693 407 3741 valida
425 3705 484 3741 sunt
501 3700 526 3742 ‘'.

113 3771 146 3828 (l)
158 3772 227 3834 Nigri
238 3781 321 3818 tamen
333 3773 470 3820 meminere
479 3771 585 3835 proximi
598 3771 747 3835 Symmacho
765 3771 902 3834 Scriptores
911 3773 1034 3835 Vopiscus

77 3847 106 3893 ln
125 3846 214 3900 Probo
227 3849 303 3906 (Edit.
321 3854 397 3900 Paris.
417 3847 491 3901 1603.
511 3869 534 3916 p.
553 3843 611 3896 351.Ι
637 3851 664 3896 C:
684 3867 727 3896 sen
741 3863 794 3912 cap.
813 3845 878 3911 lb),
897 3852 1035 3900 Eumenius

77 3919 251 3998 Panegyrico
267 3924 438 3983 Constantini
448 3945 501 3993 cap.
523 3923 561 3978 13.
579 3928 704 3978 Ausonius
721 3929 748 3976 iu
766 3926 893 3983 Mosella
908 3949 929 3980 v.
948 3927 1008 3995 φῦ.
