2730 4804
379 481 544 522 sunsonnsr
565 479 737 523 avevsrvu
760 465 785 522 I·
840 447 851 464 ⁸
1037 463 1056 523 5

103 643 230 696 siderum
254 659 313 694 non
342 643 469 719 timebis.
516 643 576 698 Seu
602 643 630 720 in
657 643 771 712 Scythia
799 659 888 714 regna
918 643 1055 714 frigentia

104 737 270 806 Tanainque
313 729 462 806 glacialem
500 738 570 790 fines
603 738 736 790 Ponticos
770 737 903 806 proferre
937 755 1053 793 oenone·

100 831 160 894 ris,
204 830 244 881 ibi
282 847 397 900 quoque
433 841 563 882 naturam
603 832 713 901 patriae
744 847 972 902 recognoscens,
1012 833 1054 886 fu·

100 941 186 994 gaces
216 923 323 975 incolas
340 941 402 994 ¹prr
420 923 506 976 dorsa
535 925 682 978 fluminum
704 925 901 994 consequeris.
950 911 1054 980 Vicisti

103 1018 309 1086 experientiam
338 1015 515 1086 singulorum
544 1019 593 1090 qui
623 1019 711 1071 habes
741 1019 896 1092 omnium.¹
920 1019 1054 1072 Privatae

100 1113 152 1162 boo
182 1109 339 1162 industriae
376 1121 441 1163 tuae
480 1111 573 1164 debeo
608 1113 667 1183 quo
705 1111 751 1164 die
784 1109 899 1182 dignum
925 1112 1054 1168 reddidit

99 1204 300 1274 principatum.
357 1188 428 1256 Cuia
462 1215 572 1258 tantum
606 1223 707 1258 munus
741 1206 888 1276 aeceperIS
918 1215 951 1258 ut
984 1205 1055 1260 nibil
1127 1204 1130 1218 ¹

99 1298 153 1350 tibi
189 1301 278 1366 possit
313 1297 405 1363 adini,
452 1309 562 1351 tantum
596 1299 693 1352 meriti
726 1289 962 1370 pertulisti‚'ut
992 1285 1054 1352 nul·

101 1391 158 1443 lum
179 1376 335 1462 praemium
358 1393 410 1445 tihi
437 1393 541 1446 debeat
560 1393 696 1464 inputari.

169 1487 222 1537 llI.
253 1487 388 1538 Moruiati
415 1485 579 1566 quondam,
607 1487 714 1539 inolute
745 1487 882 1540 Gratiano
901 1491 965 1555 (t),
994 1503 1051 1540 rne-

99 1581 183 1633 ruisti
214 1589 247 1630 ut
275 1578 313 1630 de
344 1589 373 1629 te
403 1595 484 1630 saera
513 1581 642 1651 germina
673 1580 870 1649 pullularent,
910 1591 942 1632 ut
973 1560 1051 1634 esses

99 1671 284 1724 eetni'narium
320 1671 517 1742 principatur,
554 1683 585 1724 ut
617 1672 703 1726 fieres
732 1677 776 1739 (a)
822 1690 896 1726 vena
935 1675 1050 1744 regalis.
1090 1694 1095 1698 ’-

52 1811 56 1824 ,
99 1765 230 1817 Erudisti
260 1765 390 1830 liberos,
423 1776 559 1836 parentes
597 1766 723 1819 omnium
753 1783 819 1820 mox
846 1763 968 1820 'futuros
983 1765 992 1818 'z
1022 1768 1051 1820 in

97 1877 170 1929 quos
203 1869 311 1910 tantum
348 1859 439 1930 frugis
474 1860 568 1912 honae
604 1859 748 1913 institutio
785 1859 896 1928 privata
935 1877 1049 1932 conges-

97 1953 161 2017 sit,
188 1935 236 2006 ''ut
274 1953 391 2006 fortuna
425 1951 509 2005 bodie
551 1953 659 2006 clarior
696 1953 735 2004 nil
776 1953 937 2022 requirat„
973 1953 1049 2008 Hine

98 2047 205 2098 factum
235 2057 309 2112 est„
332 2047 613 2116 quod-primaevum
643 2049 785 2117 Nepotem
816 2065 857 2106 tn·
891 2047 1050 2100 castrensia

97 2142 215 2193 decreta
243 2125 401 2211 legerunt.¹
450 2141 521 2193 (lum
551 2141 676 2194 familiae
707 2153 821 2196 vestrae
850 2151 952 2194 natura
981 2159 1048 2210 pro-

96 2229 248 2299 mitteret,
291 2245 323 2288 ut
365 2234 477 2300 cautela
513 2234 603 2306 patris
624 2234 669 2290 ,in
706 2253 799 2304 puero
835 2234 875 2290 nil
911 2234 1049 2298 timeret„

97 2326 308 2381 eur.tardaret
336 2338 414 2382 aetas
453 2345 539 2399 quern
583 2338 625 2380 tot
655 2329 785 2394 exempla
820 2329 935 2398 generis
968 2316 1049 2380 adse·¹
1077 2365 1081 2372 -

94 2421 199 2476 rebant
220 2419 294 2488 (3)?
337 2419 538 2487 Praeiudicata
563 2421 641 2476 bona
670 2422 699 2476 in
725 2438 850 2498 examen
865 2439 1050 2475 voearetnon

96 2505 263 2570 inter-‹ars-
292 2551 299 2566 ·
331 2549 1048 2588 ...ιιι...................

96 2645 106 2661 .
131 2649 138 2660 .
165 2599 172 2662 .’
200 2644 454 2666 ........
490 2607 655 2660 incredibili
683 2606 867 2680 providentia
895 2619 1048 2676 utrumque

1027 2810 1054 2820 .-

122 2879 159 2929 (n)
174 2876 228 2917 God.
236 2873 319 2926 fieris,
327 2883 351 2916 nt
363 2876 427 2926 paulo
439 2882 489 2916 aute
501 2873 600 2915 deberis.
662 2870 670 2892 ‘
701 2910 703 2914 .

574 2983 644 2994 -ι-

128 3135 166 3190 (·ι)
184 3133 319 3180 Gratianus
336 3131 437 3184 Senior,
455 3131 500 3176 etsi
518 3129 622 3194 ignobili
640 3131 716 3192 stirpe
733 3139 811 3184 ortus,
829 3130 947 3195 singulari
962 3142 1046 3178 tamen

93 3227 204 3290 eorporis
222 3227 311 3273 robore
330 3235 355 3271 et
372 3223 520 3270 militaribus
537 3224 610 3286 gestis
628 3224 692 3270 viam
711 3224 757 3270 sibi
776 3225 806 3270 ad
825 3243 926 3290 magnos
939 3223 1046 3271 honores

93 3323 215 3370 munivit:
245 3321 347 3380 eiusque
373 3319 520 3364 existimatio
545 3317 680 3380 plurimum
698 3317 774 3364 valuit
791 3309 1067 3398 adYalentinianum

94 3417 190 3470 filiunt,
217 3415 259 3476 qui
284 3413 374 3478 deinde
394 3412 441 3458 fnit
467 3416 607 3474 Augustus,
637 3413 701 3474 apud
729 3413 855 3476 Principes
881 3423 907 3458 et
924 3411 1044 3458 exercitus

93 3508 329 3557 commendandum.
364 3510 419 3552 Am.
440 3521 491 3551 m.
509 3516 534 3567 7.
612 3494 613 3498 ¹

127 3611 166 3664 (a)
183 3604 333 3658 Gratianum
352 3599 478 3646 Iuniorem
497 3599 666 3646 Valentiniani
684 3599 877 3664 primogenitum
890 3615 924 3648 ,ex
944 3600 1046 3648 Valeria

92 3703 179 3747 Severa
204 3698 322 3758 coniuge,
348 3689 423 3756 quein
446 3705 517 3758 pater
542 3677 676 3743 'oetennens
693 3694 848 3742 renuntiarit
863 3695 1001 3758 Augustum
1019 3695 1045 3742 in

92 3793 178 3839 cestria
197 3792 261 3852 apud
279 3789 422 3845 nummos.

127 3880 165 3943 (3)
182 3886 276 3947 Nenpe
294 3884 329 3929 avi
348 3893 374 3930 et
389 3884 474 3946 patrie.
