2730 4804
162 1038 230 1150 Ὠ·
261 1039 488 1120 Αιιιιιιιι
509 1037 860 1120 simmacum>
884 1039 994 1122 pc.

485 1215 698 1259 navbus«

102 1362 143 1414 m·
157 1362 485 1417 νιιιιιιιιιιιιιινιι
505 1341 707 1417 samonem
725 1341 949 1418 aversatur
968 1363 991 1414 ι·
1008 1365 1053 1431 (ι)

216 1568 224 1589 .
353 1574 355 1580 .
497 1575 501 1582 .

146 1535 351 1666 ...blm
381 1611 482 1664 totius,
503 1611 582 1664 orbis
609 1613 678 1666 estis
704 1615 864 1686 indegenao
890 1617 952 1685 (a);
983 1615 1052 1668 alibi
1102 1601 1105 1604 ¹

104 1707 231 1762 fructum
263 1705 363 1772 lucis,
400 1705 468 1757 alibi
498 1723 581 1758 usum
607 1705 716 1758 laboris
750 1707 871 1779 indepti.
921 1713 968 1762 An
994 1727 1054 1760 non

100 1804 194 1872 ipsam
221 1816 337 1872 quoque
377 1799 507 1850 Africam
539 1799 602 1850 iure
637 1802 760 1870 patriam
796 1811 875 1854 tuam
913 1801 1051 1867 dixerim,

102 1913 176 1966 quae
214 1904 244 1946 te
281 1892 374 1964 prima
405 1893 435 1944 in
470 1891 662 1945 contubernio
699 1895 826 1962 parentis
863 1895 979 1949 edocuit
1010 1897 1054 1964 (3)

101 1988 195 2062 qualis
215 1987 273 2058 (b)-
296 1987 432 2058 princeps
467 2003 530 2040 esso
566 1986 692 2040 deberes'
709 1989 782 2055 tel?
824 1989 884 2042 Nec
919 2001 1055 2062 umquam

101 2093 132 2136 te
169 2081 313 2136 existimes
350 2080 414 2151 aliis
450 2080 588 2133 militasse
625 2080 739 2160 futurus
774 2083 931 2154 Augustus.
990 2084 1054 2138 Sibi

96 2201 1058 2224 w-——--————--—--——-—--—4-·-—-———-·——----

129 2251 166 2302 (a)
180 2251 214 2290 lta
224 2249 278 2290 Cod.
292 2250 424 2304 indegenae.
451 2249 491 2290 Est
502 2257 573 2292 autem
583 2250 700 2304 singularis
712 2252 821 2303 scriptura
832 2253 902 2291 nostri
917 2251 1019 2298 cocleis,
1034 2259 1056 2292 et

102 2317 159 2356 mira
175 2317 295 2356 litterarum
311 2318 440 2367 praesertim
458 2318 567 2357 vocalium
584 2319 640 2356 iuter
653 2329 676 2356 se
687 2319 836 2357 commutatio.
860 2318 893 2358 Ea
905 2320 970 2358 nobis
982 2320 1065 2372 palae-¹

100 2385 195 2440 graphia
207 2397 264 2422 nuno
274 2383 389 2422 retinenda
401 2383 423 2420 in
432 2389 503 2428 textu,
516 2394 573 2421 nunc
584 2383 612 2422 ad
621 2383 808 2424 notasreiieieuda
819 2385 939 2424 videbatur.
952 2383 986 2437 (b)
1001 2385 1055 2427 Cod.

102 2449 192 2502 quales.
214 2450 247 2500 (a)
264 2449 318 2489 God.
331 2446 432 2488 deberis.

506 2528 655 2540 *uu—-

135 2606 175 2664 (t)
201 2607 231 2650 ln
258 2604 350 2650 Codice
383 2601 500 2648 scribitur
535 2616 607 2663 saepe
637 2569 789 2659 dammam,
819 2616 875 2646 raro
894 2599 1057 2672 Sammachi.

102 2701 156 2747 Nos
179 2708 263 2744 tamen
291 2697 485 2742 emendatiorem
511 2695 645 2742 lectionem
671 2686 793 2758 eligimus.
830 2695 974 2756 Numquam
1002 2713 1058 2744 vero
1100 2760 1102 2764 V

104 2793 224 2840 scribitur
241 2792 268 2837 in
287 2791 377 2837 Codice
394 2787 557 2860 Symmachi.

140 2888 179 2944 (a)
196 2887 233 2931 Ita
251 2885 277 2930 in
296 2885 387 2930 Codice
404 2883 538 2946 apponitur
556 2893 613 2930 nota
631 2881 766 2928 numeralis
783 2901 834 2930 ιιοιι
853 2883 974 2952 uocabulo
988 2885 1058 2936 Imu-

103 2980 173 3040 des,
193 2980 235 3025 sed
254 2979 312 3026 hnic
331 2977 398 3025 loco:
428 2987 554 3024 ettamen
572 2977 603 3023 ad
620 2975 684 3023 illud
701 2976 849 3024 vocabulum
868 2989 926 3024 nota
943 2972 1060 3042 pertinet,

103 3090 197 3136 nempe
226 3069 335 3124 Laudes
361 3073 477 3138 priores·
518 3070 584 3118 Illud
612 3071 687 3116 etiam
717 3085 826 3125 moneo,
856 3073 935 3134 capita
964 3073 1062 3119 scilicet

102 3169 233 3214 Orationis
259 3181 343 3212 carere
369 3145 471 3228 quidem
498 3166 525 3211 in
548 3165 639 3211 Codice
666 3175 725 3211 nota
742 3165 885 3221 numerali,
915 3168 957 3213 sed
976 3177 1060 3213 tamen

100 3261 193 3309 relicto
211 3259 332 3323 ampliore
350 3261 428 3320 spatio
447 3261 505 3306 satis
525 3259 638 3306 indicari.

140 3351 180 3414 (3)
199 3355 334 3402 Gratianus
360 3352 532 3400 Valentiniani
560 3363 631 3415 pater
657 3363 713 3414 post
740 3355 886 3418 dignitatem
912 3354 1062 3417 Protectoris

102 3461 182 3512 atque
208 3447 312 3494 Tribuni
341 3448 381 3503 (ut
406 3447 441 3492 ait
465 3447 611 3500 Ammianus
636 3447 796 3494 Marcellinus
823 3447 865 3494 lib.
883 3463 934 3492 ιιι.
954 3462 1004 3509 cap¹
1024 3457 1061 3512 7.(

104 3547 198 3592 Comes
222 3542 332 3606 praefuit
356 3542 392 3588 rei
418 3533 537 3588 castrensi
555 3557 599 3603 per
624 3541 739 3590 Africam.
784 3543 836 3587 lam
856 3539 1062 3592 Valentinianum

102 3639 221 3703 pluribus
238 3645 362 3685 versatum
379 3637 406 3682 in
424 3635 497 3682 bellis
515 3646 572 3682 aute
590 3637 680 3682 initum
699 3636 832 3697 imperium
850 3645 935 3680 narrat
952 3637 1063 3683 Zosimus

100 3734 172 3782 Hist.
192 3735 230 3779 ιιΙ.
248 3732 293 3778 sub
312 3731 393 3781 finem.
426 3731 545 3777 Meruisse
562 3732 589 3777 in
608 3730 692 3778 Gallia
707 3729 752 3774 sub
768 3729 913 3774 Constantio
926 3740 951 3774 et
961 3731 1064 3776 Joviano

100 3827 178 3874 testis
202 3837 239 3872 est
262 3827 322 3872 item
348 3809 562 3872 Ammianus'xvi.
592 3840 619 3869 ιι.
639 3837 694 3868 xxv.
714 3838 747 3868 ιο.
768 3823 859 3868 Contra
878 3825 963 3870 Persas
981 3833 1065 3870 autem

100 3920 142 3968 ab
162 3919 248 3964 codem
266 3919 412 3967 Constantio
430 3919 532 3966 missum
551 3919 586 3966 ait
603 3915 780 3979 philostorgius
797 3931 843 3968 vu.
862 3933 887 3983 7.
966 3941 969 3949 ι

474 4122 482 4154 l
