2734 4792
532 265 559 316 s
571 278 574 284 ,
685 253 697 282 Ι

312 443 354 517 34
587 479 591 486 «
708 455 875 503 carnes

313 609 419 678 litteris
451 633 608 694 occupatus
641 623 717 692 (tlt
763 623 860 677 otiosa
899 637 964 697 cum
1003 619 1119 674 bellicis
1153 625 1278 695 negotia

312 717 463 772 miscuisti.
516 719 649 790 Agnosco
675 718 713 770 in
742 729 772 771 te
808 735 868 770 non
906 717 1077 770 adumbrata
1117 718 1275 789 vestigiis,

313 813 366 866 scd
402 829 539 883 expressa
563 824 696 866 veterum
734 812 815 883 signa
849 811 999 866 virtutum.
1059 811 1175 882 Nempe
1205 813 1277 866 Ful·

311 904 390 958 vium
420 905 552 964 Nobilem
578 915 636 958 tam
664 904 750 957 laude
785 920 870 974 quam
900 903 1017 958 nomine
1051 903 1127 956 inter
1161 898 1291 975 aquilas¹

312 1007 472 1071 cantusque
505 997 653 1052 lituorum
690 1006 867 1068 praeceptor
903 996 1013 1048 Ennius
1048 999 1095 1065 (a)
1137 995 1277 1072 frequen-

311 1093 394 1148 tavit.
449 1093 619 1146 Africanum
655 1093 736 1146 illum
770 1103 851 1146 terra
884 1093 1014 1163 marique
1048 1092 1192 1146 victorem
1226 1095 1274 1163 (3)

311 1190 447 1243 lectionis
490 1191 635 1261 particeps
679 1199 709 1241 ct
753 1187 863 1246 laboris
905 1188 1059 1242 Panaetius
1102 1205 1162 1240 non
1205 1189 1272 1240 reli·

312 1285 378 1358 quit
406 1286 462 1354 (a).
525 1285 597 1338 Cum
633 1299 737 1354 magno
772 1283 937 1338 Alexandro
972 1284 1143 1342 mundanam
1176 1299 1272 1353 paene

309 1378 443 1430 militiam
480 1375 664 1429 filososorum
701 1377 746 1444 (b)
782 1376 936 1429 comitatus
973 1377 1067 1448 exegit
1102 1377 1156 1443 (4).
1210 1380 1274 1429 lam

260 1499 265 1542 ς
302 1469 454 1522 credimus
484 1461 647 1534 vetustati,
684 1485 749 1521 oum
781 1467 811 1520 in
839 1466 931 1522 idem
965 1468 1097 1522 tentoriis
1128 1470 1186 1524 tuis
1205 1488 1273 1523 tvo·

263 1595 265 1600 f
309 1565 417 1619 lumina
441 1575 471 1619 et
499 1575 581 1618 arma
607 1574 780 1618 tractentur.
840 1481 900 1620 tho
926 1572 1008 1618 deest
1035 1551 1114 1636 quod
1130 1581 1183 1634 pro
1202 1580 1273 1616 con·

310 1659 425 1714 dicione
471 1675 570 1712 rerum
611 1669 835 1730 temporumque
876 1658 1061 1738 peyeenscas.
1139 1658 1273 1712 Historia

309 1754 468 1814 oblectaris
496 1758 556 1825 (ι),
594 1755 623 1807 in
647 1755 769 1826 proeliis
804 1755 1006 1808 adhortatione
1026 1757 1096 1824 (A),
1134 1755 1273 1808 suasoriis

310 1849 472 1904 actionibus
517 1847 547 1900 in
591 1846 777 1918 conloquiist
828 1847 1003 1900 carminibus
1039 1847 1069 1900 in
1103 1847 1269 1919 triumphis.

357 1943 443 1997 Vlll.
472 1939 575 1994 Sentio
602 1955 647 1992 me
682 1939 723 1991 ad·
752 1923 883 2011 exempla
919 1940 1062 1994 Veterum
1095 1941 1270 2012 tempestive

309 2052 373 2090 cssc
410 2033 562 2106 dilapsum.
613 2071 618 2079 -
647 2033 714 2086 Iure
752 2033 841 2104 igitur
876 2051 911 2086 ex
945 2033 1092 2086 annalium
1129 2035 1276 2088 memoria

307 2127 430 2201 Pompei
454 2127 603 2198 usurpabo
627 2142 779 2197 responsa.
835 2125 864 2178 ls
892 2125 1022 2197 equestri
1049 2143 1138 2180 censu
1165 2145 1270 2200 equum
1350 2149 1351 2152 ¹

294 2223 345 2278 'de
381 2237 463 2274 more
498 2217 679 2285 traducens,
716 2235 781 2270 cum
815 2217 894 2272 forte
929 2217 1170 2290 interpellaretur
1197 2238 1269 2277 voce

879 1621 881 1639 l

214 2446 217 2454 '
309 2449 358 2491 dem
370 2461 419 2488 mox
431 2445 564 2499 triumphis.
578 2448 611 2499 (c)
626 2447 681 2488 (iod.
695 2445 835 2492 oblectaret.
850 2449 888 2501 (d)
904 2448 959 2488 Cod.
972 2446 998 2488 in
1010 2447 1173 2494 scortatione.

884 2516 1278 2532 ..Μ

341 2582 380 2641 (1)
397 2580 589 2628 Valentinianus
603 2580 655 2642 ipse
668 2589 739 2642 pater
756 2581 823 2642 apud
830 2581 994 2646 Ammianum
1010 2598 1082 2630 xxvu.
1097 2579 1120 2633 6.
1135 2583 1197 2630 dicit
1205 2584 1270 2632 Gra·
1349 2605 1350 2657 p

305 2658 403 2706 tionum
413 2655 579 2710 humanitate
594 2669 619 2707 et
635 2655 735 2716 studiis
752 2657 960 2720 disciplinarum
970 2659 1120 2714 sollertium
1140 2665 1269 2731 peritum.

306 2735 468 2801 Symmachus
493 2735 570 2798 Epist.
597 2745 636 2781 aa.
655 2733 698 2780 lib.
722 2747 742 2783 1.
760 2745 832 2783 vocat
849 2734 1073 2791 eruditissimum.
1108 2742 1166 2789 Fuit
1184 2753 1268 2790 autem

288 2797 442 2865 yGratianus
467 2813 584 2882 alumnus
602 2813 728 2872 Ausonii,
756 2832 837 2880 aquo
854 2816 916 2864 item
934 2815 1124 2884 in'Gratiarum
1157 2821 1268 2870 Actione

304 2887 444 2956 appellatur
466 2889 647 2944 doctissimus.
878 2936 882 2946 ,

338 2971 382 3029 (a).
395 2970 478 3017 Codex
496 2984 541 3032 pro
561 2967 664 3019 Ennius
683 2967 760 3017 habet
778 2968 888 3025 Accius,
915 2970 1047 3020 manifesto
1066 2969 1164 3022 nientoss
1200 2977 1267 3024 Nam

302 3043 412 3106 primum
438 3047 491 3108 ipse
514 3061 540 3093 se
561 3043 686 3092 refelleret
704 3045 876 3110 Symmachus,
904 3047 947 3108 qui
966 3047 993 3094 in
1010 3049 1121 3113 Epistola
1140 3051 1170 3098 ad
1187 3055 1267 3098 Auso·

302 3123 374 3169 nium
393 3129 433 3168 aa.
452 3122 495 3168 lib.
517 3137 538 3170 ι.
568 3124 647 3172 utitur
675 3123 744 3172 hisce
769 3124 858 3170 iisdem
884 3125 1003 3188 exemplis
1034 3130 1111 3178 Ennii
1127 3141 1153 3176 et
1168 3129 1249 3177 Fulvii
1257 3167 1265 3190 ,
1347 3187 1348 3192 p

301 3200 414 3266 Ranaetii
432 3207 457 3246 et
471 3198 582 3246 Africani
601 3212 647 3250 etc.
663 3201 727 3248 Tum
742 3201 853 3248 Ennium
872 3203 986 3266 adiungit
1005 3206 1092 3254 Fulvio
1107 3207 1194 3256 Cicero
1210 3225 1264 3272 pro

300 3273 492 3326 Arabicarum
513 3271 620 3326 Tuscul.
639 3281 657 3325 l.
673 3291 695 3326 a.
722 3279 838 3342 Denique
855 3279 946 3328 ‚tocius
972 3299 986 3328 a
1004 3285 1035 3331 D.
1054 3285 1209 3350 Hieronymo
1226 3286 1264 3340 (in

301 3347 437 3412 Chronico)
451 3363 523 3399 natus
536 3351 629 3400 dicitur
638 3353 756 3404 Mancino
768 3365 794 3403 ct
807 3358 913 3404 Serrano
929 3359 1075 3409 consulibus
1088 3363 1174 3420 (Urbis
1193 3356 1264 3424 584.)
1346 3409 1347 3420 ,

300 3440 391 3492 nempe
408 3447 474 3478 anno
493 3447 540 3478 xix.
559 3441 614 3493 post
627 3430 707 3481 Fulvii
725 3436 847 3482 victorias.
903 3441 906 3448 ’

332 3500 372 3564 (3)
389 3507 505 3631 Ῑηῑεὲίὶςε
522 3508 669 3556 Abicanum
688 3511 828 3568 minorem,
846 3522 871 3558 ct
891 3511 978 3559 confer
995 3513 1157 3564 Patercnlum
1177 3517 1218 3564 lib.
1241 3532 1263 3574 t,

298 3596 326 3628 cs
346 3615 352 3626 .
370 3597 423 3629 nn.
460 3618 467 3631 .

327 3598 372 3718 ΞΑ)
398 3661 428 3705 V.
458 3657 605 3711 Ciceronem
630 3679 681 3730 pro
707 3661 807 3716 Archia
835 3683 856 3712 x.
882 3667 928 3714 His
946 3677 1030 3714 autem
1049 3669 1168 3733 exemplis
1184 3669 1263 3720 Ennii

296 3731 409 3782 Panaetii
433 3744 459 3780 et
482 3735 687 3802 philosophorum
704 3741 758 3786 sine
778 3741 854 3790 dubio
873 3739 1039 3808 Symmachus
1056 3749 1131 3798 etiam
1150 3753 1261 3798 Ausonio
1345 3743 1346 3787 ἒ

296 3811 412 3860 Gratiani
436 3812 553 3874 magistro
580 3815 682 3879 oblique
704 3817 836 3873 adulatur:
875 3821 942 3884 quod
974 3821 1076 3888 quidem
1104 3825 1261 3887 apertissime

294 3889 356 3938 iacit
372 3891 400 3938 in
410 3889 523 3954 Epistola
542 3902 571 3938 as
593 3894 650 3942 libri
672 3908 692 3942 t.
721 3949 732 3981 χ

702 3986 736 4126 ,)
