2734 4792
269 433 272 440 '
333 442 372 502 32
731 445 882 490 narras

330 613 499 674 resonantia
532 613 649 667 decreta
681 613 807 666 sancires
832 614 898 679 (ι),
943 610 1049 663 sensim
1090 606 1288 665 intelleximus

330 711 368 766 ad
400 711 524 762 honesta
561 707 658 759 officia
692 704 856 758 facundiam
894 719 982 774 posse
1011 719 1163 770 remeare,
1200 722 1288 776 quam

329 805 499 858 videbamus
516 802 546 854 ln
565 799 693 854 consule.

382 897 437 950 111.
467 895 520 947 His
555 895 592 946 ad
626 893 780 965 imperium
810 893 904 946 lectus
936 889 1072 960 auspiciis
1104 893 1286 962 praerogati⁴

328 1009 393 1046 vam
430 985 557 1044 consulis
588 987 625 1042 ad
645 979 647 983 ’
664 987 782 1041 comitia
816 999 963 1058 purpurae
1003 983 1144 1038 detulisti.
1198 987 1286 1039 Errat

329 1087 461 1160 quisquis
488 1085 555 1140 ideo
585 1094 684 1138 censet
714 1095 847 1138 aetatem.
906 1084 965 1134 Pro
993 1081 1111 1134 senibus
1141 1095 1214 1149 puer
1242 1081 1283 1132 di-

329 1182 418 1235 micas
438 1185 501 1249 (a),
534 1197 589 1252 pro
614 1176 715 1234 liberis
740 1177 848 1231 nostris
879 1189 1040 1256 aequaevus
1067 1167 1195 1228 insudas.
1238 1175 1283 1227 Tu

276 1292 281 1300 ·
329 1293 433 1345 nempe
460 1287 501 1328 'es
540 1274 584 1342 (b)
625 1287 710 1344 quem
745 1285 837 1342 paene
878 1267 1081 1339 intempestive
1113 1267 1283 1338 putabamus

329 1367 479 1422 electum?
794 1373 797 1380 ’

380 1459 432 1512 tv.
464 1459 489 1512 0
521 1455 645 1510 militum
672 1457 784 1510 sincera
808 1453 958 1524 suffragia!
994 1445 1055 1506 Scit
1078 1441 1206 1504 iudiea're
1234 1453 1284 1506 de·
1347 1445 1348 1448 ¹

326 1553 418 1605 totio.
473 1551 621 1604 Fortunae
652 1533 785 1621 publicae
814 1547 889 1610 fuit,
925 1545 1028 1617 utqui
1051 1555 1188 1616 genuerat
1214 1549 1282 1614 (c),

326 1645 462 1716 parciora
492 1642 700 1716 promitteret,
738 1651 767 1694 et
796 1640 846 1711 qui
874 1637 996 1691 necdum
1025 1649 1185 1705 noverant,
1218 1641 1283 1694 teti·

327 1739 387 1792 eius
419 1736 604 1791 iudicarent·
647 1735 718 1814 Quis
748 1745 882 1806 umquam
911 1731 946 1784 de
978 1731 1075 1784 indole
1108 1734 1192 1803 pueri
1218 1752 1282 1786 cum

326 1843 448 1905 parente
487 1829 709 1884 contenderet?
750 1836 779 1878 et
820 1837 917 1878 tamen
950 1825 1058 1876 liducia
1085 1841 1144 1879 non
1180 1819 1281 1899 peccat

327 1927 481 1980 exercitus.
519 1925 566 1976 Sic
587 1925 695 1976 electus
715 1937 745 1974 es
764 1938 796 1974 re
817 1923 956 1991 probatus
975 1923 1033 1988 (d).

378 2017 416 2068 V.
447 2015 519 2094 Quis
547 2015 615 2066 mibi
643 1999 785 2083 Zeuxpdis
815 2013 933 2066 coluriis
965 2016 1006 2082 (e)
1037 2015 1112 2066 ceris
1130 2017 1200 2069 haee
1232 2035 1279 2070 co·
1348 2019 1349 2042 l

324 2109 406 2163 mitia
432 2107 589 2179 spectanda
615 2107 785 2179 digereret?
826 2107 922 2179 Siquis
956 2107 1116 2178 Appelleus
1151 2110 1279 2164 imitator

322 2202 397 2257 illud
431 2201 556 2254 caeleste
597 2200 734 2255 iudicium
769 2200 918 2293 verisimili
964 2202 1080 2284 adfectu
1115 2206 1186 2258 artis
1222 2207 1278 2259 ani·

323 2287 434 2362 marei,
471 2293 600 2348 viserent
624 2293 738 2364 posteri
760 2293 806 2346 vix
832 2293 976 2347 credenda
1002 2295 1149 2350 miracula.
1205 2301 1278 2352 lline

324 2394 506 2463 Augustum,
542 2389 609 2443 inde
645 2391 794 2464 legiones,
834 2401 862 2444 et
889 2390 965 2444 inter
998 2391 1050 2446 hos
1083 2393 1206 2444 medium
1234 2411 1279 2446 rc.

324 2487 372 2560 gni
402 2483 583 2559 impuberem
619 2485 820 2539 candidatum.
882 2487 999 2556 Anceps
1039 2486 1088 2539 diu
1123 2497 1278 2557 utrumqne

1346 2521 1350 2546 t

324 2579 492 2636 sentement
533 2592 562 2634 et
591 2581 700 2634 eunctis
738 2580 825 2634 alacri
858 2581 955 2633 fronte
994 2575 1197 2651 plaudentibus
1228 2603 1276 2655 pa⁴
1349 2613 1350 2654 j

321 2671 405 2731 trem'
430 2691 497 2729 sero
536 2675 687 2727 cedentem
718 2679 786 2743 (ηε
825 2683 933 2728 turmas
964 2677 1133 2748 supplicos,
1171 2695 1278 2732 cuneos
1349 2671 1350 2694 ³

329 2779 647 2794 mano—nn*

348 2801 384 2852 (a)
393 2800 446 2840 Gnd.
454 2794 575 2857 ditatisque.
589 2797 623 2848 (d)
631 2774 1284 2860 ὒῖὗῖῶῖΜῇιῖῃᾟ-ρῶᾦῑ

319 2845 508 2948 gasugolissaffil
517 2847 690 2889 videturlmbere
698 2844 829 2894 coloratus,
842 2849 909 2890 Esset
920 2858 992 2890 autem
1006 2850 1073 2892 color
1086 2853 1194 2892 adieetivll
1206 2853 1278 2892 formu

358 2995 398 3051 (1)
412 2993 526 3042 Gratiani
541 2995 674 3056 quamdam
688 2995 825 3041 orationem
843 2995 953 3042 celebrat
964 2998 1125 3059 Symmachus
1134 2999 1208 3059 Epist.
1227 2993 1276 3054 13,

322 3075 364 3124 lib.
379 3090 399 3123 1.
412 3079 458 3124 Sed
470 3095 499 3127 ea
512 3081 613 3144 quidem
631 3072 791 3145 luitAtigusti
800 3080 894 3128 saltem
909 3099 989 3144 nuper
1001 3085 1080 3131 electi.
1098 3087 1178 3132 Immo
1189 3085 1276 3146 potius

295 3227 299 3238 Ι
319 3163 418 3212 videtur
433 3161 493 3218 illa,
520 3166 551 3211 dc
567 3184 616 3228 qua
632 3169 658 3216 iu
679 3169 755 3231 Epist.
771 3176 792 3212 t.
815 3167 857 3214 lib.
874 3181 913 3216 ιο.
934 3185 983 3230 quo
1006 3182 1116 3234 tempore
1137 3172 1276 3219 Gratianus

319 3251 383 3314 patri
396 3251 447 3298 iam
464 3251 573 3298 extincto
585 3254 720 3315 imperator
730 3264 887 3302 successerat.
918 3257 980 3303 lleic
991 3269 1074 3306 autem
1087 3258 1170 3306 innuit
1184 3258 1279 3304 Orator

319 3337 445 3400 Scriptum
464 3337 579 3386 Gratiani
595 3339 703 3400 primum
721 3341 846 3397 consulis,
865 3357 955 3405 nempe
973 3347 1085 3394 nondum
1102 3346 1214 3408 Augusti.
1284 3383 1288 3386 .

352 3433 391 3490 (n)
412 3432 509 3491 Nempe
533 3427 630 3476 videtur
652 3427 845 3476 Valentinianus
873 3445 943 3478 more
960 3431 1126 3493 gratiosorum
1142 3432 1277 3480 bominum

245 3555 259 3574 ,
320 3515 434 3565 Gratiani
459 3514 530 3578 pueri
554 3512 700 3576 dignitatem
726 3525 826 3576 rogatus
857 3518 1036 3580 comprobasse.
1088 3520 1115 3566 Id
1141 3519 1278 3568 confirmat

318 3601 393 3650 etiam
407 3601 518 3649 Zosimus
537 3615 566 3648 tv.
594 3599 637 3663 qui
655 3597 690 3644 ait
707 3582 913 3649 Valentinianum
937 3615 1064 3651 exoratum
1090 3584 1275 3654 {proceribus

317 3689 418 3737 tandem
447 3683 612 3750 adsumpsisse
641 3683 798 3734 Gratianum.
835 3683 957 3737 Ceterum
980 3689 1126 3738 Ammianus
1157 3709 1227 3740 xxvii.
1248 3691 1278 3742 (ie

316 3767 392 3823 refert
416 3773 495 3821 immo
518 3770 689 3821 Valentiniani
715 3787 870 3830 sennonem,
897 3773 985 3841 queis
1004 3775 1139 3828 exereitum
1156 3790 1224 3836 erat,
1247 3789 1276 3828 ut

318 3860 467 3914 Gratianum
483 3862 622 3924 Augustum
639 3859 728 3914 tutans
744 3873 880 3912 veneretur.
